3164 5326
352 337 400 392 DE
418 336 675 393 COMPENDIOSA
698 338 888 394 DOCTRINA
906 336 1017 395 noun.
1251 339 1316 403 255

56 499 226 565 evolveret
244 523 351 585 opera.
389 500 510 566 Verum
530 502 563 566 id
582 503 633 566 101
653 501 750 567 Gellii
769 503 923 568 Noctium
943 503 1126 568 Atticarum
1146 525 1216 586 usu,
1235 525 1314 587 quas

57 608 167 692 primo
194 629 263 691 cap.
291 614 324 673 et
352 608 493 674 secundo
520 610 703 693 promiscue
731 610 877 674 videmus
901 609 1065 674 adhibitas
1089 632 1161 675 cum
1186 610 1314 693 scriptis

57 715 211 797 aliorum,
234 714 402 781 refellitur.
1069 729 1071 733 ’

152 821 305 906 Adeoque
328 823 434 907 magis
458 824 626 907 probabile
650 825 753 890 multo
776 845 953 908 numquam
977 825 1011 887 in
1035 824 1183 907 partibus
1207 825 1313 907 operis

58 931 191 1012 praeter
222 950 279 993 eas
312 950 395 1012 quae
428 934 505 994 sunt
536 931 762 1015 tenuissimae,
799 935 836 996 ut
867 929 962 994 XVII
993 931 1046 995 vel
1077 929 1153 1014 XX,
1190 934 1314 994 totum

58 1057 133 1100 sese
159 1035 321 1100 addixisse
343 1035 487 1101 Nonium
513 1039 638 1102 auctori
661 1037 725 1103 uui.
772 1036 865 1112 Quod
888 1039 939 1102 vel
964 1037 1035 1101 ideo
1059 1036 1249 1102 crediderim
1274 1037 1315 1100 ab

57 1163 99 1207 eo
127 1143 281 1226 vitatum,
308 1164 349 1207 ne
375 1142 464 1208 furta
493 1148 526 1209 et
550 1145 794 1228 compilationes
822 1144 918 1208 nimis
946 1143 1034 1208 facili
1058 1165 1157 1228 opera
1180 1148 1315 1227 possent

58 1248 268 1332 deprehendi.

151 1356 324 1421 Praeterea
343 1362 420 1441 post
438 1355 616 1440 perfectum
635 1355 860 1440 compendium
880 1357 1022 1421 excussis
1043 1358 1159 1421 iterum
1179 1356 1316 1440 schedis,

59 1463 169 1546 siquid
194 1485 271 1527 casu
290 1467 377 1528 esset
395 1465 668 1548 praetermissum,
687 1465 804 1548 quibus
818 1463 995 1543 „convenire
1014 1462 1217 1528 existimaret
1235 1464 1315 1529 locis

58 1569 303 1652 interpolatum.

151 1675 221 1740 lam
259 1698 332 1741 cum
364 1677 509 1742 omnium
543 1700 624 1762 quos
657 1677 856 1762 excerpsisse
888 1677 1057 1760 probabile
1090 1682 1141 1742 est
1172 1678 1313 1745 Nonium

60 1783 351 1869 grammaticorum
389 1785 466 1849 libri
503 1785 735 1848 interciderint·
760 1785 938 1869 exceptis
971 1782 1090 1849 Gellii
1123 1785 1315 1851 Noctibus

60 1889 228 1973 Atticis,
250 1891 301 1955 his
325 1892 486 1975 quomodo
509 1913 587 1955 usus
611 1891 656 1955 sit
678 1892 734 1954 ille
758 1911 953 1976 cognoscere
977 1892 1150 1974 plurimum
1170 1893 1315 1958 interest.

59 1995 108 2061 De
137 2019 203 2081 qua
229 2019 263 2061 re
291 2002 369 2081 post
391 1997 569 2062 Mercerum
600 1999 744 2082 aliosque
772 1997 1029 2063 luculentissime
1058 2002 1109 2062 est
1132 2001 1314 2083 expositum

57 2126 79 2167 a
99 2103 242 2168 Martino
260 2102 394 2169 Hertzio
417 2103 535 2169 Annal.
554 2105 708 2189 philolog.
723 2102 873 2168 LXXXV
893 2125 968 2192 pgg.
985 2105 1049 2169 705
1064 2127 1147 2189 sqq.;
1167 2107 1230 2171 779
1246 2129 1314 2191 sqq.

60 2208 194 2295 (Opusc.
218 2209 301 2276 Geli.
326 2211 505 2297 85-146).

151 2316 304 2382 Nondum
330 2320 410 2384 satis
432 2318 585 2402 expedita
608 2339 655 2401 ea,
678 2318 734 2381 ubi
757 2321 896 2402 apparet
918 2317 1012 2382 illum
1030 2323 1088 2383 aut
1106 2321 1228 2404 eodem,
1252 2343 1315 2404 quo

58 2423 159 2508 hunc,
192 2424 281 2489 fonte
313 2430 371 2490 aut
403 2430 489 2490 certe
521 2447 586 2489 uon
620 2426 689 2489 solo
724 2447 818 2489 usum
850 2424 966 2490 Gellio.
1012 2426 1172 2511 Exempla
1205 2432 1313 2491 autem

60 2531 232 2615 utriusque
256 2533 302 2596 rei
325 2533 406 2597 satis
430 2536 507 2596 sunt
529 2532 722 2617 frequentia.
760 2530 809 2595 Ex
832 2533 1012 2616 posteriore
1036 2554 1153 2618 genere
1176 2535 1315 2598 maxime

61 2637 253 2722 notandum,
291 2639 376 2722 quod
412 2661 486 2703 cum
518 2638 641 2704 Gellius
676 2641 816 2705 telorum
851 2662 889 2705 00
919 2641 1125 2724 navigiorum
1159 2641 1316 2706 vocabula

59 2766 155 2826 quoe
176 2746 217 2809 in
234 2745 409 2811 historiis
426 2748 608 2811 veteribus
626 2749 788 2829 scriptae
806 2752 926 2812 essent
944 2748 1130 2811 memoriter
1147 2747 1181 2811 in
1201 2747 1316 2810 itinere

58 2853 200 2937 repetita
227 2852 416 2917 inseruisset
445 2854 534 2937 operi
562 2853 622 2938 (X,
646 2854 718 2941 25),
751 2855 798 2917 ita
826 2853 954 2938 quidem
983 2858 1020 2917 ut
1047 2854 1237 2939 plerumque
1264 2877 1314 2919 ac·

59 2959 243 3042 quiesceret
266 2959 452 3024 nominibus
475 2960 663 3044 referendis,
681 2960 807 3026 Nonius
826 2960 971 3044 utrisque
992 2961 1121 3045 singula
1139 2960 1316 3026 destinavit

58 3066 177 3149 capita
225 3065 315 3141 Quae
347 3066 478 3150 quidem
512 3089 665 3152 magnam
697 3071 822 3151 partem
857 3067 898 3131 ab
931 3089 969 3130 eo
1002 3089 1040 3131 ex
1073 3068 1315 3132 commentariis

58 3173 164 3256 petita
188 3173 277 3236 velut
300 3171 468 3256 Sisennae,
492 3171 652 3256 Sallustii,
677 3172 800 3257 Plauti,
823 3172 959 3258 Vergilii
985 3174 1179 3258 scriptorum
1204 3196 1315 3238 omnes

58 3279 163 3344 habet
195 3301 347 3344 numeros
377 3280 628 3364 probabilitatis.
676 3279 879 3364 Quamquam
908 3302 973 3344 non
1003 3281 1180 3364 intercedo,
1214 3282 1316 3365 siquis

60 3391 95 3473 et
119 3387 270 3471 proprios
293 3388 333 3452 de
356 3388 422 3451 illis
446 3388 575 3452 libellos
600 3388 641 3451 ab
666 3409 704 3452 eo
728 3387 925 3452 existimarit
948 3386 1121 3452 adhibitos.

151 3492 251 3558 Porro
280 3516 352 3559 cum
381 3494 505 3559 Gellius
530 3494 573 3576 X,
598 3495 640 3558 23
671 3498 830 3558 memoret
857 3514 926 3575 eos,
955 3495 1009 3577 qui
1038 3494 1077 3558 de
1108 3494 1193 3558 victu
1218 3498 1315 3578 atque

54 3600 150 3666 cultu
178 3601 292 3684 populi
321 3601 460 3666 Romani
489 3602 694 3684 scripserint,
723 3623 805 3685 quae
833 3599 872 3664 de
901 3601 1075 3684 generibus
1104 3601 1248 3665 ciborum
1277 3623 1315 3664 ao

54 3707 247 3791 potionum,
275 3708 352 3771 item
381 3707 420 3772 de
448 3730 599 3772 vasorum
631 3708 682 3772 vel
712 3707 901 3791 poculorum
930 3727 1075 3789 quaeque
1103 3708 1142 3771 (10
1171 3708 1314 3771 vestibus

52 3820 91 3879 et
114 3812 340 3878 calciamentis
365 3837 385 3878 a
405 3813 512 3878 Nonio
537 3819 615 3878 sunt
638 3814 778 3899 prodita,
801 3814 890 3894 haec,
914 3818 951 3876 ut
974 3835 1072 3896 supra
1096 3814 1161 3878 iam
1184 3816 1315 3896 dictum,

50 3921 97 3987 ad
133 3918 280 3984 Suetonii
313 3919 412 3984 Prata
445 3922 652 4005 potissimum
685 3921 853 3986 referenda
885 3920 1050 3984 adsentior
1082 3920 1224 3987 Hertzio.
1270 3924 1315 3985 At

49 4049 133 4093 cum
155 4023 346 4092 Suetonium
371 4049 430 4110 pro
456 4049 543 4090 more
568 4028 696 4092 aliunde
720 4029 852 4112 cognito
871 4030 965 4090 tanta
983 4029 1201 4110 exemplorum
1222 4030 1314 4112 mole,

48 4136 218 4222 quantam
251 4133 360 4197 ridere
392 4138 442 4198 est
474 4134 560 4217 apud
588 4133 745 4216 Nonium,
778 4155 870 4197 usum
902 4133 1033 4198 minime
1064 4137 1108 4198 sit
1135 4137 1315 4219 probabile,

46 4243 162 4308 etiam
180 4239 233 4304 hic
252 4244 419 4322 excerptos
440 4241 481 4304 ab
501 4262 539 4303 eo
559 4241 809 4303 commentarios
823 4239 928 4303 habeo
944 4261 1142 4323 persuasum,
1157 4240 1313 4305 Varronis

42 4346 269 4439 potissimum
297 4344 336 4410 de
366 4348 433 4411 vita
459 4346 570 4431 populi
595 4345 720 4409 romani
745 4346 899 4410 librorum
924 4367 961 4409 ac
985 4344 1190 4430 Saturarum,
1219 4370 1314 4430 porro

40 4455 170 4525 Plauti
194 4458 227 4516 et
250 4451 397 4516 aliorum.

150 4562 201 4627 De
225 4562 271 4625 eis
295 4582 377 4644 quae
398 4559 506 4625 Nonio
530 4561 714 4625 communia
733 4564 807 4623 sunt
826 4580 897 4623 cum
918 4559 1074 4623 Diomede
1092 4583 1130 4625 ac
1148 4560 1314 4626 Prisciano

42 4672 239 4757 diligenter
261 4668 422 4732 dictuma
440 4666 629 4732 Schmidtio.
667 4665 804 4729 Restant
822 4672 931 4732 tamen
951 4667 1106 4751 quaedam
1127 4669 1314 4752 supplenda.

150 4776 324 4842 Praeterea
355 4777 498 4840 curatius
531 4776 595 4838 iam
629 4775 689 4838 erit
722 4774 955 4858 anquirendum
989 4775 1028 4838 de
1061 4775 1186 4854 Servio,
1223 4776 1314 4840 cuius
