3098 5316
158 306 201 372 70
597 303 734 360 NONlVS
753 304 974 360 MARCELLVS

158 400 205 440 res.
219 400 259 439 res
273 397 305 437 nr.

158 470 264 536 Varro
301 491 360 554 pro
397 468 501 534 multo
539 491 605 534 non
642 468 779 534 absurde
816 469 916 534 etiam
955 470 1086 556 scripsit
1122 470 1161 536 de
1201 470 1273 535 rita
1305 471 1412 555 populi

160 576 299 644 Romani
322 576 379 640 lib.
401 574 446 639 II:
474 573 577 640 nihilo
600 575 705 661 magis
730 577 889 661 [propter]
915 576 1041 662 argenti
1065 576 1145 643 fecti
1169 575 1410 643 multitudinem

96 713 98 718 ’
159 685 188 750 is
216 688 288 750 erat
315 683 501 768 furandum,
530 682 615 768 qnod
637 686 771 768 propter
793 704 962 751 censorum
985 685 1192 752 severitatem
1217 685 1304 752 nihil
1328 686 1408 752 lnxo

161 793 283 858 riosum
306 791 428 856 habere
450 790 579 856 licebat.

250 915 574 966 snnuvmvnnurvn
606 919 779 981 corporum
811 902 930 982 putant
962 920 1042 965 esse.
1087 901 1210 966 lectum
1239 904 1293 966 est
1319 904 1351 965 et
1374 902 1406 968 de

161 1005 371 1090 incorporeis.
407 1004 515 1070 Varro
539 1004 578 1070 de
597 1004 665 1069 vita
682 1003 794 1089 populi
814 1002 952 1071 Romani
972 1005 1027 1074 lib.
1045 1006 1128 1074 1111:
1151 1008 1267 1093 itaque
1285 1013 1404 1094 propter

163 1134 307 1179 amorem
329 1111 459 1197 imperii
477 1111 689 1197 magistratus
708 1111 869 1197 gradatim
889 1113 1101 1182 seditionibus
1120 1112 1401 1206 sanguinolentisfl

163 1220 203 1286 ad
227 1219 411 1286 dominatus
435 1239 532 1305 quom
556 1218 765 1305 aspeirarent.
1411 1239 1415 1282 l

251 1343 401 1410 eonnvs,
424 1347 483 1410 pro
507 1346 652 1392 numero.
689 1324 794 1393 Varro
818 1327 856 1393 de
879 1328 948 1394 vita
968 1329 1081 1415 populi
1101 1329 1245 1397 Romani
1263 1329 1318 1396 lib.
1334 1329 1395 1397 lIIl:

166 1433 339 1518 eGraecia,
354 1434 435 1498 Asia
445 1431 536 1501 Sulla
551 1437 761 1518 conportasse
775 1455 928 1521 magnum
939 1437 1063 1518 pondus
1073 1437 1221 1504 omnium
1232 1437 1392 1505 artificunt

254 1558 390 1607 caenas
411 1540 508 1607 etiam
528 1563 563 1608 re
579 1542 664 1608 bona
677 1545 788 1627 potest
801 1542 872 1607 dici.
900 1541 1067 1629 Turpilius
1081 1543 1260 1630 Demetrio,
1278 1544 1390 1613 dolentis

164 1670 317 1735 persona:
1398 1665 1408 1713 t

325 1772 402 1826 mets
420 1772 551 1841 parentes
570 1772 659 1826 atreo.
848 1759 854 1769 ⁶

254 1898 429 1947 avulsum
460 1902 589 1946 sensum
618 1879 717 1946 etiam
745 1881 774 1948 is
801 1884 896 1949 rebus
924 1882 1090 1968 Vergilius
1119 1883 1223 1970 dedit,
1249 1907 1321 1971 quae
1342 1910 1384 1954 nee

168 2011 263 2056 aures
286 1988 409 2054 habent
430 2010 490 2054 nec
513 2009 653 2072 sensum,
676 1987 857 2074 Georgicon
882 1990 937 2055 lib.
961 1989 991 2056 1:

646 2112 675 2165 et
692 2110 795 2166 frustra
813 2110 970 2168 retinacula
986 2112 1107 2168 tendens

326 2191 414 2247 ierim
433 2192 511 2260 equis
530 2189 629 2262 auriga
646 2206 737 2261 neque
755 2190 837 2247 audit
854 2208 949 2249 currus
967 2192 1081 2248 abesae.
1394 2197 1414 2245 a

257 2320 338 2369 cavr
365 2301 547 2387 proprietas
576 2306 627 2367 est
651 2301 773 2367 sinuosi
795 2305 830 2367 et
852 2302 985 2369 concavi
1008 2324 1046 2369 ae
1067 2324 1128 2388 per
1149 2302 1213 2369 hoc
1234 2303 1297 2369 sine
1315 2303 1381 2369 dubi·

170 2435 205 2441 ...-
212 2429 380 2440 ...μ-

257 2493 291 2544 21
311 2488 400 2543 Varro
425 2486 458 2540 do
482 2485 543 2540 vite
565 2502 629 2556 pop.
653 2485 732 2541 Rom.
751 2485 778 2539 ΙΙ
799 2488 809 2557 l
831 2492 866 2541 26
884 2485 973 2542 Varro
993 2485 1028 2543 de
1047 2485 1109 2542 rita
1126 2504 1191 2557 pop.
1211 2485 1285 2544 Iton.
1301 2487 1331 2541 lv
1347 2491 1380 2557 l²

170 2571 257 2626 Varro
277 2569 312 2623 de
330 2567 391 2623 vita
409 2581 473 2637 pop.
493 2565 573 2622 Itom.
592 2565 630 2620 IV
644 2567 684 2636 lt
704 2565 846 2636 Turpilius
864 2565 1007 2623 Demetrio
1021 2569 1061 2640 18
1082 2568 1102 2636 l,
1121 2573 1184 2623 61⁸.

258 2748 294 2802 el
315 2763 365 2816 pro
385 2762 434 2800 om.
454 2745 501 2816 L„
517 2776 549 2785 -
565 2743 685 2799 absorde
699 2745 745 2814 L„
762 2775 793 2785 —
810 2742 922 2815 scripsit
939 2747 979 2801 ed.
999 2765 1025 2801 a.
1045 2751 1135 2816 1476;
1152 2744 1290 2816 assonpsit
1304 2749 1376 2815 (prore

169 2835 224 2896 um)
249 2829 293 2896 H,
318 2826 372 2897 L,;
400 2825 550 2895 adscripsit
572 2825 597 2879 G
621 2831 645 2878 et
669 2825 781 2892 Burrio,
809 2831 839 2880 ut
862 2828 933 2893 oid.,·
957 2827 1109 2897 abscripsit
1131 2827 1186 2899 L„·
1211 2826 1338 2895 descripsit
1351 2828 1376 2881 el.

167 2913 258 2981 princ.
279 2940 310 2948 -
328 2912 398 2976 puto
421 2906 485 2961 olim
507 2907 580 2960 tuac
597 2907 683 2972 fuisse
702 2906 822 2960 ordinem
841 2908 995 2962 ruborum.-
1013 2906 1103 2963 Varro
1122 2925 1179 2963 non
1198 2908 1306 2962 absurde
1320 2906 1374 2960 et'nn

170 2989 280 3058 scripsit
303 3002 354 3056 pro
379 2985 476 3039 multo.
496 3015 528 3025 -
550 2985 587 3040 22
610 2988 725 3055 propter
743 2986 792 3041 del.
814 2987 850 3039 M
864 2986 969 3042 Arraei.
985 2988 1082 3056 philol.
1096 3006 1128 3042 a.
1148 2992 1224 3043 1867
1239 3005 1281 3058 pp.
1296 2990 1342 3041 ill.
1355 3016 1373 3026 -

171 3070 220 3124 22.
240 3068 276 3123 23
301 3065 510 3120 multitudinem
534 3065 557 3119 is
582 3068 691 3132 (datio.)
715 3068 776 3119 erat
798 3067 837 3121 ed.
861 3066 927 3121 Bas.
952 3066 1017 3135 (hiis
1036 3068 1099 3121 erat
1117 3068 1189 3136 Me);
1213 3066 1372 3121 multitudinem

172 3148 361 3217 (multitudino
381 3147 417 3213 L)
442 3146 556 3199 miserat
574 3147 600 3199 L
621 3160 667 3211 (m.
688 3150 702 3199 1
727 3148 757 3199 ia
781 3152 862 3214 rae.);
881 3146 915 3199 H
918 3167 927 3210 ;
946 3146 987 3212 G;
1007 3146 1297 3202 multitudinemiseret
1311 3148 1371 3202 aar.

172 3262 204 3271 —
229 3229 376 3282 iurandum
406 3226 488 3294 quod.
517 3228 582 3280 hoec
606 3243 650 3295 pr.
679 3227 803 3280 altimum
831 3227 882 3280 litt.
910 3229 942 3281 in
968 3243 1024 3284 ras.
1047 3227 1096 3298 L,.
1121 3258 1156 3268 -
1181 3234 1246 3297 pato
1267 3245 1370 3296 quon.-

172 3310 340 3364 luxuriosum
371 3307 430 3363 odel.
457 3324 501 3375 pr.
526 3307 574 3376 L,
600 3336 631 3346 —
655 3305 692 3361 ‘25
720 3308 822 3375 putant
846 3306 894 3371 M;
920 3309 1015 3378 potest
1039 3310 1104 3376 (om.
1127 3307 1186 3379 H,)
1209 3307 1243 3376 0,
1263 3309 1368 3364 Boni.-

171 3391 209 3445 ‘zu
237 3389 337 3453 Varro;
366 3387 539 3455 praecessisse
565 3385 608 3440 ac
636 3403 705 3454 caue
733 3387 780 3454 lep.
805 3403 851 3455 pp.
876 3391 930 3442 499
953 3404 974 3442 r.
999 3388 1016 3444 l.
1047 3388 1161 3442 dativus
1184 3406 1234 3458 pro
1259 3386 1367 3443 necundo

171 3472 324 3526 intellexere
347 3468 428 3521 (loeti.
448 3497 481 3506 -
501 3467 535 3519 de
559 3467 618 3520 vita
642 3483 690 3521 om.
715 3466 762 3536 L,
784 3498 814 3504 -
836 3467 872 3521 27
898 3466 1008 3537 imperii
1027 3474 1052 3523 et
1070 3469 1173 3524 Bumb.
1192 3501 1226 3514 ·-
1244 3470 1258 3523 l
1276 3465 1366 3522 eddone

172 3553 255 3605 natus
274 3566 358 3616 quom
379 3545 551 3615 uepreirarent
571 3546 619 3615 M;
638 3550 687 3601 aut
706 3546 864 3601 dominatus
884 3564 939 3616 quo
958 3548 1137 3617 appellerent
1157 3549 1288 3618 aflerat.
1303 3547 1365 3618 (appel

172 3631 293 3684 lererent
310 3646 353 3696 pr.
374 3628 414 3692 L;
434 3627 609 3695 appellarent
626 3629 666 3682 ed.
682 3629 793 3696 prece).
811 3657 840 3668 -
862 3631 894 3681 ut
911 3626 1074 3682 dominatur
1092 3644 1164 3697 quos
1183 3627 1364 3699 appetentia

173 3730 205 3766 en
234 3711 332 3779 quibus
359 3711 379 3774 s.
409 3709 592 3776 recipiendum
621 3709 691 3762 illud
717 3711 893 3776 appeterent,
921 3709 978 3774 ila,
1004 3714 1036 3763 rit
1058 3710 1213 3766 reddatur:
1238 3707 1363 3765 seditionitn

174 3788 397 3859 sanguinulentis
421 3790 470 3842 aut
488 3805 504 3841 r
524 3806 540 3842 r
561 3807 576 3842 r
597 3789 797 3858 (supplendum,
820 3795 850 3842 ut
871 3794 956 3856 pato:
979 3786 1045 3843 aliis
1064 3789 1109 3845 uei
1127 3791 1245 3859 amilius)
1260 3789 1361 3844 domurn
1413 3778 1415 3784 Α

173 3889 256 3941 quom
276 3870 449 3938 appeterent.
471 3900 502 3907 -
522 3869 540 3923 a
560 3885 575 3922 e
594 3868 719 3936 Graecia,
740 3868 806 3923 Asia
825 3868 904 3923 Sulla
922 3869 970 3932 M;
989 3885 1004 3924 o
1023 3869 1121 3941 grecia
1141 3869 1265 3940 (Graecia
1278 3867 1360 3932 odda}
1408 3876 1415 3885 '

174 3953 247 4007 {isias
275 3949 343 4020 (sias
367 3950 477 4018 Romo.)
500 3949 528 4002 in
553 3949 635 4003 villas
660 3947 694 4013 0,
718 3949 816 4003 chb.
837 3981 867 3989 —
888 3951 923 4015 cs.
946 3968 1016 4020 prae
1039 3967 1085 4020 up.
1109 3950 1180 4007 Sall.
1204 3950 1257 4007 Gal.
1276 3947 1360 4015 rare
1406 3952 1414 3958 '

173 4034 294 4089 exercita
313 4031 408 4083 Sullae
432 4031 514 4084 elicto.
536 4061 567 4068 -
589 4045 604 4082 e
628 4028 747 4082 Graecia
771 4044 834 4082 suas
858 4029 887 4082 in
906 4029 989 4084 villas
1008 4030 1073 4101 dle;
1095 4032 1170 4100 qnod
1186 4032 1206 4099 s.
1222 4026 1358 4101 prandet
1404 4034 1415 4065 '³

172 4123 203 4170 ut
226 4113 365 4168 scribatur
389 4128 403 4164 e
423 4110 553 4176 Graecia,
573 4109 640 4162 Asia
659 4108 686 4161 in
709 4108 790 4162 villas
808 4111 864 4163 sire
882 4127 898 4162 o
918 4109 1049 4179 Graecia,
1068 4110 1137 4166 Asia
1155 4129 1217 4168 enas
1233 4113 1257 4166 in
1274 4111 1356 4164 villae·

174 4196 206 4250 de
225 4194 344 4246 Lucullo
368 4192 433 4245 haec
457 4198 536 4245 errent
559 4190 736 4259 accipienda·
759 4191 795 4243 cd
812 4207 890 4259 quem
908 4195 932 4244 et
951 4191 1103 4247 Kertnerue
1121 4193 1238 4259 rettulit,
1257 4203 1355 4261 qaam

174 4275 208 4327 ab
233 4274 282 4327 loc
305 4287 348 4325 res
371 4272 402 4323 irr
422 4270 539 4324 Graecia
560 4277 649 4340 perlue
672 4271 772 4323 nullae.
792 4300 825 4310 -
845 4269 983 4337 omnium;
1006 4273 1024 4327 i
1045 4289 1066 4327 e.
1086 4271 1234 4327 cuiuslibet
1248 4268 1353 4342 grusiv
1408 4288 1415 4305 -·

175 4352 356 4406 artificiorum
372 4351 553 4418 probabiliter
570 4349 732 4403 Gerlactr'us
747 4352 812 4417 (roa
827 4354 917 4405 ausim
931 4369 1059 4421 reponere
1072 4353 1240 4422 artificium);
1256 4360 1352 4421 qaam
1406 4356 1415 4388 '-

171 4439 284 4504 potuere
303 4434 333 4484 in
352 4432 406 4497 fine
423 4431 535 4484 licuriri
553 4430 695 4498 quaedam,
713 4431 784 4484 sicat
802 4433 883 4485 etr'om
901 4433 1026 4500 uerlrura,
1046 4435 1120 4488 unde
1129 4434 1242 4503 peredeot
1253 4428 1351 4497 inficitis

174 4513 353 4567 desideratur.
369 4542 400 4550 —
422 4509 440 4564 4
460 4510 572 4575 Carere;
592 4513 627 4577 ef.
648 4511 733 4564 4971.
754 4512 930 4567 accusativus
949 4513 994 4567 rel
1013 4511 1204 4568 nominativus
1221 4528 1262 4582 pro
1275 4506 1348 4562 esua

175 4624 203 4630 -
228 4591 348 4646 dolentis
368 4607 486 4659 persona
506 4594 647 4659 (personat
665 4590 733 4659 H,);
759 4592 824 4644 leuce
841 4593 862 4659 f.
881 4594 1004 4647 delerrita.
1024 4624 1056 4633 -
1078 4593 1097 4647 6
1116 4610 1191 4648 meos
1209 4592 1258 4647 edd
1272 4593 1347 4645 illm

174 4676 200 4727 a.
224 4675 255 4738 1.‚
279 4680 302 4726 et
326 4676 346 4738 f.
370 4674 427 4741 ipse
450 4673 523 4726 Nori.
545 4704 574 4711 -
602 4671 725 4740 parentis
749 4672 789 4726 ed.
814 4672 898 4737 Bas.;
921 4673 984 4740 Me;
1007 4689 1064 4728 non
1089 4674 1141 4742 Gr,
1162 4672 1344 4728 Bau-ua

175 4753 255 4808 doleo
274 4753 372 4807 Bumb.
393 4782 425 4791 -
446 4752 461 4806 7
482 4750 566 4806 etiam
588 4751 630 4804 lrie
650 4751 690 4818 H,
710 4751 745 4819 G,
765 4751 862 4806 Bumt.
1399 4751 1401 4753 ’
