3164 5326
326 332 414 399 QVID
432 338 456 388 A
475 333 640 390 SAECVLO
660 334 710 389 XV
729 335 986 392 PROFECElthT
1005 335 1146 392 GRAMM.
1166 355 1190 394 6.
1209 356 1236 407 q.
1255 356 1277 392 s.
1358 337 1422 403 277

170 499 423 562 memoravimus
446 498 480 562 in
503 501 596 564 tauto
619 501 813 585 scriptorum
837 500 975 566 aliorum
999 523 1095 585 super
1115 501 1180 566 alia
1199 506 1423 569 acervatorum

168 626 308 669 numero
335 606 481 689 potuisse
508 605 666 690 quaedam
695 629 754 672 nos
783 600 883 672 latere
911 607 998 671 bona
1025 611 1058 671 et
1081 608 1175 672 utilia
1197 607 1322 693 Nonio,
1350 632 1423 674 cum

168 712 363 794 praesertim
391 711 576 777 habitemus
603 736 704 798 prope
733 714 988 799 septentrionem
1016 715 1217 798 multumque
1240 718 1357 781 remoti
1382 718 1422 782 ab

168 817 218 882 eis
247 818 396 898 urbibus,
424 819 480 883 ubi
509 819 613 885 maior
639 821 735 906 longe
764 844 839 905 pars
867 821 1042 904 librorum,
1069 821 1124 905 qui
1150 822 1191 885 ad
1215 823 1422 907 antiquitatis

168 925 282 990 studia
303 926 479 1011 pertinent,
502 927 587 992 solet
608 928 745 1012 prodire.

262 1029 323 1097 His
351 1035 563 1118 praemonitis
591 1043 624 1100 et
652 1035 691 1100 de
718 1034 915 1102 editionibus
938 1033 1039 1100 Nonii
1067 1035 1161 1098 etde
1185 1035 1257 1099 aliis
1281 1037 1422 1122 scriptis,

169 1139 213 1203 ad
242 1145 391 1205 nostram
416 1163 483 1205 rem
507 1163 588 1226 quae
612 1141 743 1225 faciant,
766 1165 876 1206 sumus
900 1141 1013 1207 acturi.
1058 1139 1098 1205 ln
1121 1163 1183 1226 quo
1207 1148 1317 1208 tamen
1339 1144 1421 1210 illud

167 1246 441 1331 tenendum„non
461 1269 556 1335 agere
575 1270 635 1313 nos
654 1247 927 1333 bibliographnm,
945 1247 1002 1313 sed
1020 1248 1124 1314 libero
1143 1249 1292 1334 ingressu
1307 1255 1421 1318 notare

169 1355 299 1437 paucis,
327 1359 363 1419 ut
390 1354 523 1440 quisque
551 1355 839 1441 grammaticorum
868 1356 1006 1420 maxime
1029 1357 1081 1421 vel
1104 1356 1279 1422 virtutibus
1303 1363 1353 1423 est
1373 1361 1419 1423 in-

169 1461 276 1546 signis
301 1462 351 1526 rel
374 1462 472 1541 vitiis,
495 1484 558 1546 quo
582 1466 615 1526 et
638 1461 777 1547 egregiis
801 1461 940 1548 ingeniis
959 1462 1031 1527 lans
1049 1463 1262 1547 protendatur
1280 1467 1420 1532 nominis

165 1573 200 1634 et
223 1591 398 1654 pravorum
422 1567 576 1634 dedecore
600 1568 843 1633 absterreantur
865 1568 1017 1634 iuniores.

257 1676 395 1741 Praesto
418 1675 508 1741 fuere
531 1676 627 1740 nobis
650 1675 684 1738 in
707 1696 776 1758 cap.
797 1674 813 1738 Ι
837 1673 919 1739 61Π
942 1681 1070 1741 tantum
1094 1676 1252 1741 editiones
1276 1700 1303 1743 a.
1325 1680 1420 1764 1476,

166 1785 227 1867 80,
250 1784 307 1867 98,
334 1783 427 1849 1526.
473 1782 596 1848 Deinde
619 1782 696 1845 Aldi
725 1782 890 1865 exemplar
916 1783 1111 1866 paravimus.
1156 1782 1299 1869 Ideoque
1327 1808 1418 1851 ercu-

166 1891 321 1975 sandum‚
348 1890 434 1975 quod
460 1890 496 1955 in
522 1889 581 1956 illa
608 1894 700 1973 parte
723 1887 808 1953 Aldo
836 1889 993 1974 quaedam
1018 1889 1181 1975 adscripta
1205 1913 1287 1975 quae
1310 1895 1419 1976 potius

166 2002 246 2063 sunt
276 1997 421 2079 Bentini‚
455 1998 510 2083 qui
542 2021 615 2063 cum
648 1998 838 2081 plerumque
871 1996 1115 2062 accuratissime
1148 1997 1281 2062 reddere
1313 2000 1420 2066 soleat

165 2104 335 2189 Aldinam‚
370 2104 505 2170 novavit
535 2110 645 2169 tamen
677 2103 836 2168 nonnulla
867 2102 987 2167 lectore
1019 2125 1086 2168 non
1115 2105 1249 2170 monito.
1295 2104 1372 2171 Inde
1400 2131 1421 2172 a

165 2212 273 2296 capite
296 2211 344 2277 lV
372 2233 536 2278 accessere
566 2211 635 2276 edd.
658 2209 807 2293 princeps
833 2212 865 2273 et
888 2231 915 2273 a.
942 2209 1037 2286 1471,
1060 2210 1139 2273 item
1162 2209 1213 2274 Pii
1237 2234 1319 2295 quae
1343 2223 1420 2278 sunt

165 2344 195 2384 a
222 2319 309 2384 1510
331 2323 364 2384 61
387 2318 601 2404 insequentis,
630 2316 745 2402 quibus
770 2314 885 2381 deinde
910 2337 967 2399 per
989 2320 1097 2382 totum
1116 2339 1201 2401 opus
1225 2320 1275 2383 usi
1299 2342 1418 2385 sumus.

163 2426 210 2492 nt
233 2426 405 2492 videbatur
428 2426 481 2490 hio
504 2428 599 2510 plane
623 2424 771 2490 sufficere
794 2430 979 2508 apparatus.

256 2531 356 2598 Plura
379 2532 418 2597 de
441 2533 608 2617 impressis
627 2531 711 2597 Non.
731 2530 969 2615 exemplaribus
992 2552 1188 2616 cognoscere
1207 2533 1262 2618 qui
1281 2534 1420 2618 cupierit

164 2638 241 2723 (neo
268 2639 355 2704 enim
383 2641 491 2705 omnia
515 2643 694 2704 memorata
717 2661 736 2702 a
760 2634 880 2726 nobis),
904 2637 999 2703 adeat
1021 2637 1136 2703 Eberti
1161 2637 1419 2726 Schweigerique

165 2751 200 2810 et
223 2744 358 2812 Panaeri
382 2747 492 2829 libros,
515 2747 593 2811 item
619 2745 782 2829 Spengelii
806 2746 841 2808 in
859 2744 1041 2810 Varronem
1064 2746 1113 2810 ed.
1135 2745 1152 2810 I
1175 2745 1419 2830 Prolegomena.

255 2852 481 2918 Editionum
501 2853 632 2935 Nonii,
656 2853 684 2915 si
707 2852 847 2934 pretium
871 2852 1049 2936 respexeris
1074 2857 1106 2917 et
1124 2852 1289 2937 honorem,
1314 2860 1418 2939 quat·

163 2965 254 3024 tuor
274 2966 436 3043 possunt
455 2959 647 3044 distingui
667 2962 832 3044 aetates3
851 2982 889 3022 61
908 2959 1023 3043 quibus
1043 2960 1148 3043 prima
1167 2961 1308 3043 pertinet
1327 2963 1368 3027 ab
1389 2987 1417 3028 a.

164 3066 234 3131 fere
257 3066 342 3131 1470
365 3067 405 3131 ad
424 3067 552 3144 Aluum,
576 3066 680 3130 altera
704 3066 745 3129 ab
768 3065 853 3130 Aldo
877 3064 918 3129 ad
941 3065 1080 3150 lunium,
1102 3067 1200 3132 tertia
1223 3068 1353 3133 alunio
1376 3071 1417 3134 ad

164 3172 355 3257 Mercerum‚
379 3179 496 3258 quarta
519 3197 538 3238 a
561 3173 705 3238 Mercero
729 3171 769 3234 ad
793 3171 854 3235 hoc
877 3176 1015 3255 tempus.

256 3279 361 3364 Igitur
387 3281 568 3364 princeps
592 3280 623 3344 N
630 3278 710 3344 onii
737 3278 860 3343 editio
888 3283 1035 3361 putatur,
1062 3301 1121 3345 nec
1150 3281 1326 3363 immerito,
1349 3283 1418 3365 illa,

162 3409 249 3473 quae
281 3387 393 3452 eodem
426 3387 494 3451 1616
526 3392 672 3471 tempore
706 3407 769 3469 quo
797 3383 956 3450 Varronis
983 3407 1020 3451 ac
1048 3385 1142 3451 Pauli
1170 3384 1224 3471 (cf.
1253 3387 1417 3473 Spengclii

162 3494 214 3560 ed.
239 3493 271 3558 ll
295 3492 386 3560 Varr.
411 3514 464 3578 pg.
487 3492 579 3577 XIV3
607 3492 753 3558 Muelleri
782 3492 873 3556 Festi
897 3490 1035 3576 XXXV)
1064 3514 1089 3557 o.
1117 3516 1145 3557 a.
1171 3494 1257 3558 1470
1284 3500 1417 3561 curante

161 3601 345 3685 Pomponio
379 3600 479 3665 Laeto
514 3600 635 3664 Romae
668 3621 725 3683 per
756 3597 933 3683 Georgium
959 3599 1103 3664 Laurum
1130 3598 1417 3686 Herbipolitanum

160 3709 254 3794 typis
284 3712 334 3772 661
360 3708 531 3793 impressa3
560 3709 599 3772 de
629 3729 692 3791 quo
720 3710 849 3771 constat
876 3728 915 3770 ex
943 3707 1083 3790 epistula
1111 3709 1304 3793 praemissa,
1335 3733 1417 3795 quae

163 3817 213 3881 616
243 3819 293 3879 661
320 3815 488 3898 inscripta:
517 3815 707 3897 Pomponius
732 3814 872 3898 Gospari
899 3815 1011 3880 blumio
1037 3815 1185 3879 Salutem.
1231 3816 1265 3880 in
1293 3839 1357 3901 qua
1386 3822 1418 3882 61

165 3923 268 3988 refert
286 3943 320 3985 66
340 3921 494 3987 aVolsco
514 3923 650 4007 aliisquo
670 3923 782 3988 amicis
802 3923 956 3988 adiutum.
972 3960 1013 3969 -
1030 3920 1182 4006 Sequitur
1201 3923 1300 3989 editio
1320 3926 1418 4009 anni,

162 4037 201 4096 ut
225 4030 260 4093 in
282 4030 345 4093 fine
369 4029 499 4113 dictum,
525 4032 620 4113 1471,
643 4030 706 4095 1661
731 4031 781 4097 vel
805 4030 947 4095 auctoris
970 4028 1090 4095 indicio
1114 4030 1213 4112 nullo,
1236 4052 1317 4114 quae
1341 4054 1418 4111 non,

163 4142 203 4202 ut
221 4136 411 4201 Gerlachius
434 4136 541 4218 refert,
564 4159 716 4219 expressa
739 4141 790 4201 est
813 4160 850 4201 ex
872 4138 938 4215 illa,
962 4137 1017 4201 sed
1036 4140 1163 4201 tantum
1183 4136 1358 4219 dissimilis,
1382 4143 1417 4203 ut

163 4243 228 4309 nisi
243 4244 340 4307 certis
355 4242 547 4328 quibusdam
562 4242 678 4327 capitis
693 4245 832 4308 maxime
842 4242 889 4307 IV
905 4245 1099 4327 probaretur
1111 4244 1238 4308 indiciis
1253 4253 1416 4309 auctorem

167 4372 260 4415 usum
284 4349 457 4433 Pomponii
481 4373 594 4433 opera,
618 4350 766 4414 dubitare
791 4356 904 4434 possis,
928 4373 970 4415 an
992 4373 1032 4415 ue
1055 4351 1172 4415 viderit
1195 4350 1324 4435 quidem
1347 4374 1416 4415 um·

162 4478 269 4542 quam.
316 4456 398 4521 Tam
430 4458 532 4521 multa
564 4459 620 4521 aut
652 4455 693 4519 ab
726 4455 787 4518 hoc
819 4457 941 4520 omissa
973 4457 1105 4521 exhibet
1135 4461 1192 4521 aut
1224 4458 1347 4521 omittit
1375 4461 1416 4522 ab

163 4565 276 4630 eodem
301 4563 419 4628 addita.
455 4563 566 4628 Etiam
590 4562 668 4627 ordo
694 4561 860 4645 utriusque
884 4562 958 4626 libri
981 4563 1144 4627 interdum
1165 4563 1276 4628 variat.
1313 4562 1415 4628 Porro

162 4671 318 4736 lectiones
351 4692 447 4755 saepe
480 4672 642 4747 meliores,
676 4668 848 4754 aliquando
880 4669 1054 4734 deteriores
1083 4693 1179 4753 quam
1209 4671 1242 4735 in
1270 4672 1415 4754 principe

164 4777 381 4842 inveniuntur.
426 4776 539 4862 ltaque
562 4777 730 4862 probabile
754 4779 804 4840 est
827 4774 999 4859 Pomponii
1022 4778 1198 4860 exemplar,
1226 4778 1301 4842 dum
1326 4779 1415 4862 typis
