3098 5316
255 315 296 376 12
686 313 823 370 NONlVS
842 315 1060 371 MARCELLVS

252 408 265 445 a
279 406 307 445 n,

411 493 476 532 nam
496 476 619 530 emnium
638 478 810 547 tinguentum
830 476 900 531 odor
917 478 1052 546 praetuli
1071 480 1207 534 nauteast.

340 585 425 650 idem
448 585 614 652 Asinaria:

1047 694 1179 746 nariteam

411 770 506 825 tibere
526 771 637 840 malim,
656 774 680 825 si
698 788 810 827 necesse
830 774 879 841 sit,
897 789 981 841 quarn
1001 771 1080 826 illam
1100 771 1258 829 osculariar.
1522 778 1539 825 ll

341 916 468 963 earcere
497 905 573 963 sunt
601 899 820 983 inpedimenta
847 904 881 964 et
907 899 1148 985 inplicationee;
1181 906 1214 966 et
1241 901 1430 966 intricare
1453 900 1503 963 in·

253 1007 375 1090 pedire,
408 1006 541 1071 morari:
575 1007 680 1072 dictae
711 1007 803 1091 quasi
830 1009 953 1091 τρίχες,
981 1008 1065 1092 quod
1094 1008 1200 1090 pullos
1227 1008 1426 1093 gallinaceos
1453 1007 1504 1071 in·

252 1114 386 1179 volvant
409 1118 442 1178 et
464 1112 633 1198 inpediant
656 1113 765 1197 capilli
788 1113 925 1198 pedibus
947 1113 1103 1197 inplicati.
1140 1114 1275 1179 Plautus
1294 1113 1505 1181 Curculione:

412 1244 487 1313 quod
506 1245 537 1297 tu
556 1246 722 1315 argentum?
741 1247 810 1314 quies
830 1243 900 1299 mihi
917 1245 1003 1299 tricas
1022 1248 1134 1300 nanu?

341 1372 426 1437 idern
448 1371 598 1457 Epidico:

412 1495 507 1563 eliqua
525 1511 578 1564 ope
597 1495 751 1563 exsolvam,
771 1494 928 1550 datricabor
946 1495 1053 1564 {diqua3

255 1621 286 1686 id
311 1626 374 1705 est,
397 1643 434 1686 ex
458 1621 695 1705 inpedimentis·
710 1623 882 1688 liberabor.
928 1622 1070 1688 Lucilius
1095 1623 1285 1709 Satyrorum
1310 1625 1364 1690 lib.
1384 1623 1447 1689 XI:

414 1770 466 1808 nec
484 1751 553 1807 mihi
573 1755 698 1808 amatore
716 1754 770 1808 hoc
790 1752 852 1823 opu'
873 1770 923 1807 uec
943 1753 1051 1808 tricone
1070 1756 1182 1812 vadato.

342 1879 507 1964 Turpilius
532 1879 722 1966 Demiurgo:

412 1999 529 2070 iudicia,
548 2001 750 2070 litia‚tr'1rbas,
770 2000 869 2072 tricas,
889 2004 1033 2058 contiones
1053 2006 1204 2058 maxumas.

337 2129 496 2194 -Alranius
519 2128 682 2213 Epistula:

412 2259 454 2316 ita
472 2260 618 2315 intricavit
634 2260 716 2316 huius
733 2262 806 2316 hanc
826 2278 883 2316 rem
903 2263 1054 2318 temeritas.

342 2388 447 2454 Varro
471 2389 794 2456 Gerontodidascalo:
820 2396 917 2475 putas
942 2413 996 2455 eos
1019 2414 1084 2457 non
1108 2392 1204 2457 citius
1229 2392 1328 2458 tricas
1352 2391 1507 2457 Tellenas

254 2518 351 2580 quam
374 2496 406 2560 id
430 2497 667 2564 extricaturos?
693 2536 731 2544 -
756 2497 892 2563 Plautus
912 2520 929 2559 a
949 2520 1001 2559 *a

254 2662 390 2669 μ’..

343 2766 359 2815 8
381 2762 414 2829 V,
434 2769 458 2829 2,
478 2761 636 2831 4411131,
656 2770 680 2829 2,
701 2764 805 2832 151115
825 2762 845 2829 Ι,
865 2769 889 2828 2,
909 2766 1013 2832 491111
1035 2763 1099 2817 Luc.
1119 2763 1137 2816 l.
1158 2763 1195 2817 xl
1209 2765 1219 2833 ΙΙ
1235 2770 1267 2818 19
1286 2763 1429 2833 Turpilius
1450 2763 1506 2820 De·

253 2840 361 2911 miurgo
375 2842 385 2910 l
399 2847 431 2894 21
452 2840 584 2896 Afranius
603 2840 732 2910 Epistula
745 2843 754 2910 ΙΙ
768 2847 803 2895 18
823 2842 911 2896 Varro
930 2843 1198 2898 Gerontodidasoalo
1211 2847 1221 2912 l
1235 2849 1270 2898 24
1288 2844 1415 2899 Plautus.

344 3092 359 3146 1
376 3093 582 3161 unguentorum
596 3093 694 3148 Bamd.
711 3123 744 3132 -
759 3091 828 3147 odor
842 3091 902 3146 cdd.
917 3091 991 3146 Noa.
1006 3096 1031 3145 et
1046 3092 1092 3147 Pl.
1107 3123 1139 3133 -
1155 3095 1253 3162 pretno
1268 3094 1305 3148 Η.
1322 3124 1355 3133 -
1373 3094 1410 3148 10
1429 3109 1506 3148 oacn-

254 3173 307 3227 lari
321 3173 419 3229 Bonad.
435 3204 468 3213 -
483 3179 529 3229 oct.
549 3174 644 3229 melius
658 3179 773 3243 propter
790 3191 813 3227 r.
832 3190 865 3227 m.
882 3171 1070 3226 Camerarius:
1088 3172 1183 3226 bibere
1202 3172 1300 3229 malim
1319 3172 1342 3226 si
1359 3189 1504 3230 necessum

254 3257 298 3310 est
320 3257 373 3322 (ito
396 3256 462 3310 libri
482 3256 590 3321 Placet.)
614 3272 698 3324 quam
722 3251 807 3308 illanc
830 3252 989 3307 osculariar.
1008 3283 1042 3292 -
1066 3253 1102 3307 ll
1128 3252 1329 3322 impedimenta
1347 3254 1386 3309 Η.
1410 3286 1441 3295 -—
1466 3254 1504 3311 in·

254 3333 423 3405 plicationee
442 3335 496 3405 L„
518 3334 597 3405 impl.
620 3335 678 3390 rell.
698 3363 732 3374 -
756 3331 887 3387 intricare
906 3331 950 3399 H,
973 3333 1087 3401 Bamb.;
1110 3334 1154 3388 hic
1178 3349 1241 3388 aare
1259 3335 1291 3387 in
1308 3351 1410 3389 rasura
1428 3335 1504 3393 lmen

254 3416 401 3482 scriptum
423 3415 455 3468 ia
477 3414 525 3468 ello
550 3420 614 3482 post
638 3430 652 3468 c
677 3414 719 3467 ori
742 3429 849 3468 aarum
873 3413 974 3467 adserit
997 3413 1163 3481 Sicoersias;
1184 3415 1231 3468 aed
1253 3415 1348 3483 potius
1373 3414 1505 3472 cameto

255 3495 430 3561 crcdcudum,
453 3495 501 3563 qai
523 3492 690 3548 intricenare
713 3509 855 3563 apnoecere
877 3493 932 3546 eidi
955 3493 1030 3547 sisae
1049 3500 1102 3561 εει,-
1124 3493 1292 3548 intriceuare
1311 3494 1365 3565 L„
1384 3494 1410 3548 G
1429 3493 1504 3564 (inti-

255 3590 354 3629 cenare
372 3573 432 3644 1,).
453 3604 485 3614 -
504 3573 630 3645 inpedire
648 3572 698 3644 L„
716 3570 852 3642 impedire
870 3573 927 3627 rell.
948 3604 980 3612 -
1002 3573 1038 3626 12
1057 3575 1146 3642 τρίχες
1166 3575 1224 3640 Me,
1242 3575 1331 3627 tricae
1350 3573 1432 3641 (trice
1450 3574 1505 3647 El)

255 3656 315 3710 cdd.
336 3685 368 3694 -
388 3652 561 3723 gallinaceos
579 3654 627 3725 L„
645 3655 681 3722 G,
698 3652 865 3723 gallinacios
880 3653 928 3724 1,,
947 3653 985 3720 Η,
1004 3654 1102 3708 Bomb.
1123 3684 1154 3694 -
1177 3653 1213 3708 la
1233 3652 1389 3723 impedient
1407 3654 1506 3714 Bomt.

256 3764 289 3776 ·-
313 3733 441 3803 inplicati
463 3735 518 3804 L„
541 3733 680 3804 implicati
702 3735 759 3789 rell·
781 3763 811 3773 -
831 3731 875 3786 *14
899 3733 973 3801 qnod
996 3735 1027 3787 tu
1051 3736 1211 3802 argentum,
1236 3751 1304 3802 quas
1327 3732 1397 3787 mihi
1421 3734 1507 3792 tricas

255 3815 388 3882 Bouana·
407 3833 434 3883 q.
450 3832 484 3881 a,
504 3832 573 3883 quas
593 3813 693 3884 (quasi)
713 3817 744 3868 tu
762 3831 798 3867 m.
819 3815 852 3867 tr.
872 3815 930 3868 cdd.
946 3814 1019 3869 Non.
1039 3819 1063 3868 ct
1079 3814 1123 3869 Pl.
1140 3845 1171 3853 --
1192 3830 1262 3883 quaa
1276 3814 1310 3867 Η
1325 3829 1385 3867 cum
1404 3830 1508 3872 rasura

254 3901 315 3963 poet
339 3912 365 3959 e,
389 3895 502 3959 Bamb„
525 3893 606 3962 quasi
628 3895 685 3948 rell.
706 3926 737 3933 -
763 3894 800 3948 16
824 3893 965 3948 extricabo
984 3894 1035 3963 Η,.
1055 3925 1088 3934 -
1108 3894 1231 3962 aliquam
1250 3895 1318 3949 cdd?
1331 3924 1363 3932 -
1384 3892 1419 3947 17
1440 3894 1507 3952 inde

256 3976 336 4040 idem,
355 3972 384 4026 id
399 3977 442 4028 est
457 3974 524 4029 Ilm.
542 4004 574 4013 -
589 3973 657 4043 imp.
672 3975 720 4045 1,,
735 3974 769 4040 G,
783 3973 882 4027 Boncb.
898 4004 931 4013 -
946 3973 974 4027 in
992 3974 1049 4028 Sat.
1066 3974 1159 4042 (Satir.
1175 3974 1224 4045 1,)
1240 3973 1274 4041 L,
1289 3973 1342 4043 H„
1356 3972 1456 4029 Bumb.
1474 4006 1506 4017 ·—

258 4055 294 4109 18
317 4057 442 4110 amatore
465 4056 578 4120 Basili„
601 4072 695 4109 amore
718 4056 775 4109 rell.
801 4086 833 4094 -
856 4052 964 4108 tricone
987 4054 1091 4108 vadato
1115 4056 1240 4123 paesium
1263 4055 1333 4121 cons.
1353 4053 1445 4108 Beati.
1471 4057 1509 4111 ad

257 4135 326 4190 Hor.
350 4140 401 4190 aut.
423 4136 455 4198 Ι,
475 4141 506 4201 9,
525 4140 569 4190 36.
591 4166 622 4175 --
647 4135 685 4190 20
708 4135 813 4188 trichas
832 4133 872 4200 L,
897 4133 941 4199 H,
962 4134 1009 4188 aed
1032 4136 1063 4188 ia
1085 4135 1134 4188 hoc
1156 4150 1224 4189 corr.
1245 4164 1278 4173 -
1302 4133 1439 4188 maximas
1459 4134 1513 4206 L„

257 4216 355 4269 Bamb.
374 4245 407 4255 -
428 4215 462 4269 21
483 4214 623 4285 aepistula
636 4216 686 4284 1,,
704 4213 842 4284 aepistola
855 4213 903 4283 1,,
922 4213 963 4282 H,
983 4214 1102 4285 epistola
1116 4216 1213 4269 Bumb.
1228 4246 1262 4254 -
1281 4213 1318 4269 22
1337 4231 1425 4283 supra
1443 4216 1510 4274 intr,

257 4311 309 4349 scr.
334 4296 365 4349 in
387 4295 500 4351 Romi..-
522 4296 567 4349 vel
592 4293 749 4364 impedivit.
769 4324 802 4333 -
822 4294 894 4347 hanc
916 4311 967 4349 om.
991 4312 1051 4349 cam
1072 4296 1098 4350 G
1121 4296 1161 4351 cd.
1180 4296 1270 4350 Basa.
1291 4326 1321 4333 -
1342 4293 1380 4348 28
1399 4311 1449 4349 eos
1468 4314 1513 4364 a,-

260 4392 293 4430 eo
312 4375 372 4431 cdd.
393 4406 425 4415 -
447 4373 582 4430 concitius
603 4381 738 4445 (pronon
758 4373 852 4441 citius)
872 4374 970 4430 Bamb.
990 4407 1025 4416 —
1044 4375 1175 4429 Tellenas
1198 4376 1312 4430 Turrseb.
1330 4375 1436 4443 XVII,
1456 4380 1510 4446 21,-

259 4457 330 4522 cons.
349 4457 454 4511 Arnob.
474 4457 534 4511 adv.
554 4461 611 4511 act.
633 4455 729 4521 Πᾶ-
747 4453 834 4508 tricas
853 4455 1088 4521 quemadmodum
1106 4454 1209 4509 dicitnr
1227 4453 1426 4524 conduplicare
1445 4454 1505 4511 Tel·

259 4535 350 4602 lenas;
369 4535 490 4590 tellanas
509 4537 586 4605 cdd.;
604 4535 749 4590 Atellanas
764 4535 829 4589 Ald.
845 4565 878 4574 -
893 4533 931 4588 nl
945 4534 1060 4590 Plautus
1080 4536 1143 4590 add.
1160 4552 1194 4588 m.
1209 4538 1229 4590 2
1243 4535 1275 4589 in
1289 4534 1322 4587 H
1325 4557 1335 4602 ;
1353 4535 1384 4588 ia
1399 4535 1426 4587 L
1440 4541 1505 4592 aad

197 4670 201 4679 ,
255 4616 369 4684 punctis
387 4621 511 4671 notatum
529 4617 624 4671 addito
643 4621 706 4671 uate
723 4616 881 4684 compmsdio
898 4615 960 4669 acc.-
983 4620 1041 4682 aa
1055 4621 1119 4683 post
1131 4616 1277 4670 simillimo.
1297 4645 1330 4654 -
1350 4616 1382 4668 ia
1400 4615 1451 4669 lroc
1468 4633 1502 4672 rc·

260 4696 335 4751 licaa
359 4713 428 4765 pars
449 4713 488 4762 a,
510 4698 541 4750 in
560 4696 585 4752 G
608 4702 737 4765 quattuor
760 4712 820 4750 mam
842 4695 961 4749 dimidio
983 4696 1119 4750 linearum
1136 4697 1257 4764 epatium
1274 4699 1362 4750 vacat.
1400 4696 1503 4754 nullam

260 4776 378 4843 descetus
396 4775 530 4831 indiciam
548 4777 580 4830 ia
593 4776 632 4842 Η,
650 4775 748 4830 Bamb.
764 4806 797 4816 —
815 4775 888 4830 ailad
905 4773 1020 4829 Plautus
1038 4777 1128 4830 acacio
1142 4792 1180 4830 on
1193 4776 1219 4828 si
1232 4775 1382 4832 delardm.
