3164 5326
301 338 349 394 Du
368 338 483 393 velun
502 337 797 395 SIGNIFICATIONE
816 337 1029 394 SERMONVM.
1057 338 1104 392 IV.
1266 336 1331 400 427

1190 430 1235 469 272.
1250 430 1289 469 sse
1303 428 1335 468 u.

173 501 287 570 Cicero
310 503 565 570 Tusculanarum
587 502 643 569 lib.
667 502 698 567 I:

245 669 296 683 ...
316 624 366 681 ubi
383 624 476 696 rigida
495 626 606 695 constat
625 626 719 679 crassa
737 623 831 695 caligo
848 623 977 681 inferum.

25 742 83 821 40}
113 737 328 821 Constitit,
352 739 476 802 erectus
499 740 557 800 est.
595 733 761 821 Vergilius
784 734 841 800 lib.
865 733 908 799 V:

244 858 373 915 constitit
389 857 418 913 in
437 856 549 928 digitos.

80 972 90 1057 ll
114 967 295 1054 Constat,
319 967 523 1054 conpositum
546 971 604 1031 est.
642 965 783 1033 Lucilius
806 967 862 1032 lib.
885 965 1009 1032 XXVI:

46 1089 60 1135 ¹
243 1088 382 1227 girinoitpio
402 1089 418 1164 ΙΙ
438 1089 548 1160 physici
572 1091 669 1144 omnes
692 1092 822 1145 constare
844 1087 986 1145 hominem
1006 1106 1040 1144 ex
1059 1089 1153 1145 animo
1172 1092 1201 1144 et
1220 1090 1336 1160 corpore

275 1189 327 1227 cun
343 1215 348 1226 .

174 1279 311 1347 Sisenna
337 1280 557 1347 Historiarum
585 1283 640 1349 lib.
669 1281 748 1347 1111:
783 1281 1024 1347 multitudinem
1052 1280 1164 1366 procul
1191 1279 1335 1345 hostium

82 1393 234 1455 constare
252 1389 408 1454 viderunt.
426 1389 437 1472 ΙΙ
455 1389 633 1472 Constat,
651 1389 810 1472 convenit,
829 1389 1038 1453 manifestum
1058 1393 1116 1454 est.
1148 1387 1191 1452 M.
1211 1386 1336 1452 Tullius

45 1516 63 1563 e
85 1497 127 1562 ad
145 1495 316 1562 Caesarem
340 1498 499 1562 iuniorem
518 1498 573 1564 lib.
591 1497 638 1563 11:
662 1518 735 1562 cum
756 1500 923 1589 constaret
942 1494 1113 1562 Caesarem
1132 1494 1285 1580 Lupercis
1304 1493 1335 1558 id

85 1604 227 1689 vectigal
255 1602 395 1669 dedisse:
424 1604 480 1690 qui
508 1608 615 1669 autem
643 1607 772 1689 poteret
800 1602 833 1667 id
862 1603 1035 1683 constare?
1061 1638 1097 1649 —
1125 1606 1159 1667 et
1185 1599 1337 1665 Tuscula-

84 1733 200 1776 narum
229 1711 283 1776 lib.
308 1710 338 1775 I:
366 1712 433 1778 sive
461 1710 546 1797 quod
573 1734 592 1776 a
615 1710 820 1795 gravioribus
844 1711 968 1776 leviora
990 1713 1108 1775 natura
1130 1708 1337 1793 repellantur.

85 1840 167 1905 quae
192 1839 265 1884 cum
288 1822 445 1884 constent.

177 1942 425 1992 consulumue:
450 1929 501 1991 est
522 1947 711 2012 proponere,
735 1924 875 1991 definire.
911 1925 1076 2011 Vergilius
1099 1923 1180 1989 Aen.
1203 1921 1259 1987 lib.
1281 1921 1310 1986 I:

31 2051 65 2099 1⁰
620 2047 783 2103 hominesne
802 2046 922 2114 seraone,

248 2142 380 2196 quaerere
399 2127 552 2184 constitnit.

84 2236 96 2321 l!
117 2236 383 2320 Constituere,
415 2236 568 2318 retinere,
600 2237 736 2302 firmare.
778 2235 821 2302 M.
850 2235 974 2301 Tullius
1007 2234 1047 2301 de
1080 2234 1197 2301 officiis
1226 2236 1281 2303 lib.
1309 2236 1337 2302 I:

85 2345 228 2411 ineuntis
257 2345 341 2409 enim
361 2343 488 2408 'aetatis
502 2343 647 2410 'inscitia
676 2365 788 2409 senum
816 2343 1043 2410 constituenda
1071 2346 1104 2408 et
1126 2343 1267 2429 regenda
1291 2348 1340 2408 est

85 2452 268 2538 prudentia.
285 2451 297 2535 l
314 2449 578 2534 Constituere,
602 2451 772 2515 instituere
791 2473 808 2512 e
827 2474 844 2513 s
863 2474 880 2513 e
897 2451 909 2535 ll
927 2448 1191 2530 Constituere,
1214 2472 1338 2535 parare.

32 2575 67 2625 1⁶
86 2558 131 2625 ni
145 2558 273 2623 Tullius
288 2557 322 2622 iu
335 2555 472 2622 Verrem
492 2558 618 2623 actione
631 2556 679 2622 II:
699 2557 784 2642 quod
803 2557 858 2623 ubi
876 2563 926 2623 est
938 2556 1130 2623 Philodamo
1145 2558 1340 2641 nuntiatum,

88 2686 304 2699 —n————

177 2752 253 2821 281,
274 2758 314 2819 16,
334 2757 367 2807 tl
387 2751 496 2821 (tragic.
515 2751 623 2820 incert.)
642 2753 652 2822 ΙΙ
671 2756 705 2805 40
723 2750 791 2806 Aen.
811 2750 846 2817 V,
865 2757 916 2806 426
934 2753 944 2821 l
962 2757 996 2807 42
1015 2751 1139 2807 Lucilius
1157 2752 1176 2806 l.
1195 2749 1286 2805 XXVI
1299 2754 1339 2822 l³

87 2834 206 2890 Sisenna
220 2832 292 2887 Hist.
312 2831 350 2885 IV
369 2835 414 2902 fld
432 2832 469 2887 M.
488 2830 562 2886 Tull.
583 2831 618 2884 ad
638 2831 716 2886 Cass.
735 2830 791 2886 iun.
811 2830 837 2883 Π
883 2837 899 2885 o
917 2830 938 2899 1,
959 2836 999 2900 ll,
1019 2837 1054 2886 40
1071 2833 1082 2901 Ι
1100 2836 1116 2884 2
1135 2831 1156 2901 Ι,
1175 2833 1298 2900 3081112
1319 2832 1339 2900 l,

87 2921 131 2981 ³4,
153 2919 203 2969 122
217 2914 227 2982 fl
243 2918 275 2966 15
295 2913 329 2966 de
347 2913 480 2983 praetura
498 2911 558 2966 urb.
578 2918 621 2978 26,
641 2918 683 2967 db.

92 3137 120 3145 -
136 3102 230 3157 sautu
245 3102 274 3157 c.
291 3101 326 3155 s.
344 3099 377 3154 u.
393 3080 558 3166 niceas·
577 3101 703 3154 annecto
717 3101 777 3155 ceo.
792 3100 865 3155 Non.
881 3101 963 3167 (aner.
980 3101 1016 3168 A)
1031 3105 1056 3155 et
1071 3101 1115 3155 Pr.
1131 3131 1164 3141 -
1179 3099 1217 3155 so
1232 3099 1341 3156 conen

87 3187 177 3255 Gen,;
195 3202 241 3252 pr.
261 3181 295 3236 L.
317 3212 349 3221 -
369 3181 385 3235 1
409 3180 480 3234 fisici
503 3181 563 3235 edd.
585 3211 618 3221 -
637 3179 731 3234 animo
751 3180 928 3250 Gulielmium
952 3181 1046 3235 anima
1064 3182 1123 3236 cdd.
1143 3211 1176 3221 -
1197 3182 1230 3248 cf.
1251 3188 1340 3236 tostico

90 3262 250 3330 XXVIII,
270 3268 301 3330 1,
320 3268 344 3316 6.
360 3293 392 3302 -
408 3262 437 3316 Β.
456 3260 475 3314 4
493 3262 573 3315 etiam
592 3263 623 3314 in
637 3261 691 3315 Sis.
711 3262 767 3316 loco
786 3264 914 3316 constare
928 3263 998 3315 ι’ἀεηι
1012 3263 1083 3332 quod
1098 3265 1179 3315 sture.
1199 3263 1263 3317 -5
1282 3261 1339 3316 iun.

86 3345 138 3400 lib.
158 3343 184 3397 11
202 3360 253 3399 om.
274 3343 309 3397 Β.
326 3373 356 3382 -
373 3359 433 3396 com
449 3360 494 3411 pr.
509 3343 544 3398 Β.
561 3373 593 3382 -
609 3342 752 3397 constaret
765 3341 910 3409 Halmium
929 3345 1038 3396 constet
1051 3342 1086 3408 L,
1100 3360 1146 3410 pr.
1162 3343 1202 3410 H,
1219 3342 1288 3410 Geor,
1303 3344 1339 3409 A,

87 3426 132 3489 B;
151 3425 264 3479 constat
282 3422 316 3476 H
331 3438 365 3477 ec
383 3438 468 3487 corr.,·
486 3422 519 3476 G.
540 3454 572 3462 —
595 3423 609 3477 l
630 3422 823 3491 reppellantur
841 3422 874 3475 L.
896 3453 928 3462 -
949 3421 966 3475 8
986 3423 1113 3476 constent
1134 3421 1207 3489 Gen,
1228 3423 1262 3488 L,
1283 3424 1340 3493 11„-

88 3505 161 3569 Cic.,·
176 3507 287 3558 constet
300 3502 352 3572 H„
369 3502 401 3557 0.
419 3534 450 3542 -
465 3503 485 3569 s.
501 3509 564 3558 unte
578 3505 636 3557 sive
650 3504 692 3557 oei
702 3509 765 3573 pon
780 3507 909 3558 constent
922 3505 1022 3557 lisceto
1036 3504 1175 3572 quaedam.
1190 3535 1218 3542 -
1235 3504 1269 3570 cf.
1285 3503 1340 3558 Cic.

89 3616 124 3627 -
142 3583 234 3638 il-ll
259 3583 325 3637 hoco
347 3585 429 3636 etium
452 3584 631 3637 treceniontur
652 3601 697 3652 pq.
717 3572 776 3638 25‘8
795 3589 858 3637 ante
876 3584 893 3639 i.
915 3582 1100 3648 contendere,
1123 3583 1269 3650 festinare3
1292 3586 1341 3639 ubi

87 3667 189 3735 equus
207 3664 301 3718 Const.
321 3665 364 3717 est
383 3667 444 3729 (um.
460 3662 498 3727 B)
512 3662 660 3732 disponere
680 3666 858 3732 (componere
875 3664 910 3732 Β,
929 3665 997 3730 Gen,
1012 3681 1056 3732 pr.
1072 3664 1127 3731 H),
1147 3681 1196 3718 om.
1217 3665 1339 3720 definire.

91 3776 125 3786 -
139 3746 184 3800 hic
201 3758 305 3813 ponere
321 3742 357 3810 B,
376 3742 444 3810 Gen,
457 3759 503 3811 pr.
519 3743 555 3796 H.
573 3773 606 3782 —
621 3743 736 3797 definire
755 3741 874 3810 (difinirs
895 3745 944 3814 L,)
962 3761 996 3798 ex
1014 3745 1154 3798 deterioris
1172 3747 1270 3799 adulte
1288 3762 1341 3799 usu

84 3841 141 3897 pre
158 3823 310 3879 destinare.
329 3853 360 3862 -
378 3821 474 3891 Verg.;
493 3824 527 3890 cf.
546 3825 634 3878 2201.
655 3824 773 3893 erigere,
793 3825 940 3895 inquirere.
957 3856 989 3864 -
1004 3826 1029 3879 lr.
1049 3826 1066 3880 l.
1087 3823 1135 3879 lib.
1157 3825 1194 3878 ΙΙΙ
1213 3826 1250 3892 Β,
1273 3825 1341 3893 Gerr,

89 3907 128 3973 L,
142 3924 187 3975 pr.
207 3904 244 3958 H.
261 3934 294 3944 -
315 3903 363 3958 10.
383 3903 418 3957 11
438 3905 463 3958 lr.
483 3906 500 3960 l.
520 3903 684 3960 hominesne
703 3906 757 3976 L„·
774 3909 837 3961 item
855 3906 984 3962 sacraene
1004 3907 1038 3977 L,
1049 3929 1060 3975 ;
1077 3907 1188 3961 serenae
1209 3907 1277 3973 Gen,
1296 3906 1330 3958 H
1332 3928 1342 3974 ,-

85 4004 136 4058 pq.
154 3991 214 4041 258
232 3983 327 4038 serene
347 3982 388 4050 H,
409 3981 468 4037 Gen
486 4002 519 4039 cc
538 4001 607 4039 corr.
627 3987 685 4053 (pr.
705 3987 834 4051 serenae).
857 4017 889 4026 —
909 4004 1011 4056 quaere
1030 3988 1055 4039 lr.
1075 3988 1092 4039 l.
1112 3986 1158 4056 L,
1178 4018 1206 4024 —
1230 3984 1342 4039 12--14

88 4070 155 4121 hacc
171 4068 204 4120 in
221 4066 282 4120 cdd.
297 4069 416 4133 129261
436 4070 497 4132 post
513 4067 592 4131 finon
607 4067 624 4120 l.
639 4066 824 4122 circumferre.
841 4099 873 4107 -
888 4068 981 4122 9-14
996 4068 1090 4123 Const.
1107 4098 1138 4107 —
1154 4067 1232 4136 prud.
1248 4073 1279 4120 at
1293 4083 1342 4120 nos

88 4148 226 4216 desposcit
245 4146 284 4200 ed.
303 4145 408 4213 prinu,
431 4145 477 4199 sed
494 4147 536 4198 ito
553 4151 584 4199 ot
603 4152 688 4200 totum
707 4149 802 4202 lencona
820 4150 851 4202 in
868 4166 913 4217 pq.
934 4153 992 4203 258
1011 4150 1027 4201 l.
1047 4164 1121 4201 mem.
1143 4153 1287 4215 reponeres.
1307 4177 1342 4186 -

91 4227 131 4283 18
148 4224 265 4281 inscicia
284 4224 319 4294 L,
329 4245 339 4289 ;
358 4223 445 4277 inscia
463 4225 526 4291 Bm,
548 4226 615 4293 Gen,
634 4227 693 4297 ΠΗ·
711 4229 792 4281 insuu
810 4229 863 4283 Bis.
881 4260 912 4269 —
933 4231 962 4283 ct
979 4246 1000 4284 r.
1022 4227 1092 4291 Cic.,·
1111 4226 1288 4296 engregendu
1306 4228 1343 4293 Β,

89 4309 174 4374 Gen,
188 4306 248 4376 11„·
271 4303 446 4359 exeredenda
463 4305 505 4373 L,·
528 4309 681 4362 exercenda
700 4309 757 4379 H„
777 4309 817 4373 G,·
836 4326 918 4363 ercen
937 4324 1091 4376 suprascr.
1112 4312 1136 4359 ct
1155 4312 1218 4360 onte
1236 4324 1344 4360 erasum

89 4393 121 4443 et
145 4387 195 4458 H,
221 4417 254 4426 -
279 4383 317 4438 14
344 4382 437 4452 prud.;
464 4401 515 4454 seq.
544 4389 575 4440 in
604 4389 663 4442 odd.
691 4390 742 4444 illa
766 4388 953 4454 Constituere,
982 4386 1136 4439 instituere.
1175 4387 1210 4438 il.
1235 4385 1342 4439 Tullius

88 4469 127 4523 de
147 4467 291 4521 senectute
306 4494 338 4503 —
354 4462 554 4520 institutiones.
570 4498 602 4506 —
618 4486 687 4537 quac
701 4475 811 4537 praeter
830 4471 924 4522 lencona
938 4468 1027 4520 Nonii
1043 4483 1088 4535 pq.
1106 4471 1165 4520 270
1178 4484 1198 4520 s.
1214 4467 1231 4520 i.
1248 4483 1339 4518 consc-

88 4564 161 4614 rere,
176 4562 268 4600 serere
281 4551 347 4601 suet
360 4546 500 4600 collocato.
512 4577 544 4585 -
555 4548 669 4601 dubium
684 4555 781 4616 tomen,
795 4550 820 4603 lr.
831 4550 848 4602 l.
863 4554 955 4601 utrum
970 4549 1097 4601 leoncium
1111 4547 1146 4599 sit
1160 4548 1311 4613 scortulum
1325 4547 1342 4598 l.

87 4626 272 4695 constituere,
291 4625 438 4680 instituere
452 4644 499 4693 un,
516 4630 588 4696 quod
601 4630 694 4682 virinus
705 4631 847 4697 probabile
861 4629 993 4693 existisse,
1011 4628 1060 4681 hoc
1074 4633 1098 4681 ct
1113 4628 1202 4694 ipsum
1216 4627 1343 4679 uidentur

86 4710 243 4765 delendam.
264 4736 296 4746 -
317 4705 355 4761 14
378 4708 591 4775 peremerit
614 4739 645 4749 ν
667 4708 703 4763 15
723 4710 766 4763 est
784 4710 843 4764 cdd.
864 4709 936 4773 Cic.;
960 4710 1033 4773 erat,
1058 4708 1130 4776 quod
1148 4722 1181 4761 cx
1199 4724 1266 4776 seqq.
1286 4708 1340 4761 oid.

86 4796 189 4856 muns,
208 4788 283 4842 Non.
306 4818 335 4826 -
357 4785 500 4840 Filodamo
519 4789 578 4842 cdd.
