3164 5326
509 1335 548 1409 L.
578 1334 612 1409 S.

172 1528 241 1593 lam
269 1534 382 1594 exacto
411 1549 506 1613 opere
535 1533 707 1613 antequam
739 1529 931 1593 Adversaris
959 1525 1122 1611 Nonisna,
1151 1550 1232 1612 quae
1260 1549 1332 1612 pro·

81 1634 203 1699 hoemii
226 1637 297 1700 loco
321 1640 398 1701 sunt
423 1635 580 1718 habenda,
603 1657 786 1720 persequar,
810 1635 924 1701 horum
949 1635 1033 1698 ratio
1053 1640 1085 1697 et
1104 1634 1157 1698 vis
1175 1657 1248 1699 cum
1268 1636 1334 1698 sint

80 1742 116 1805 in
141 1746 267 1828 aperto,
289 1743 401 1827 paucis
425 1743 575 1806 existimo
600 1742 840 1825 declarandum,
864 1763 920 1806 cur
943 1762 1008 1805 non
1032 1739 1252 1806 subiunxerim
1277 1741 1334 1824 eis,

81 1849 168 1913 sicut
190 1850 222 1913 in
248 1851 315 1913 vita
334 1847 462 1933 'Lucilii
489 1852 566 1912 ante
590 1871 692 1914 annos
715 1847 779 1912 XII
801 1849 898 1931 edite,
921 1852 992 1912 erat
1014 1849 1219 1933 promissum,
1243 1846 1333 1912 Man·

79 1957 198 2021 tissam
227 1956 490 2021 observationum
514 1955 764 2021 Lucilianarum.
811 1953 910 2020 Cuius
938 1955 984 2019 rei
1011 1954 1073 2020 hae
1096 1954 1185 2019 fuere
1209 1976 1333 2019 causae.

171 2064 219 2127 Ac
232 2064 372 2146 primum
388 2062 516 2146 quidem
532 2069 604 2128 erat
617 2063 800 2144 verendum,
814 2083 855 2125 ne
870 2083 952 2145 opus
967 2063 1016 2124 vel
1035 2063 1081 2126 sic
1096 2062 1332 2145 amplissimum

79 2170 114 2232 in
139 2169 273 2233 nimiam
297 2173 496 2234 excresceret
518 2170 646 2234 molem.
693 2169 756 2234 Sed
779 2169 932 2254 graviora
955 2168 1152 2233 revocabant
1174 2169 1246 2232 alia.

171 2273 294 2340 Notum
332 2281 382 2340 est
419 2277 547 2360 saepius
586 2278 626 2341 ab
662 2275 935 2341 obtrectatoribus
968 2276 1197 2360 exprobratum
1230 2276 1335 2357 nobis,

79 2383 175 2466 quasi
199 2389 233 2447 et
255 2384 358 2448 nimio
381 2385 486 2449 nostri
508 2390 692 2449 teneremur
715 2405 827 2449 amore
850 2386 883 2447 et
906 2382 1024 2447 diversi
1049 2405 1069 2447 a
1091 2388 1204 2447 nostro
1224 2381 1334 2447 iudicii

79 2511 197 2573 parum
217 2511 361 2555 essemus
380 2491 551 2574 patientes.
590 2493 635 2555 At
652 2491 813 2556 neminem
832 2512 983 2575 umquam
1005 2493 1062 2554 aut
1076 2490 1126 2553 sui
1141 2488 1333 2554 severiorem

78 2597 400 2682 constantioremque
438 2598 575 2662 iudicem
613 2598 762 2663 extitisse
800 2602 857 2663 aut
887 2596 1136 2663 reverentiorem
1173 2594 1335 2679 opinionis

80 2704 222 2786 alienae,
254 2706 432 2788 peritorum
467 2704 564 2769 modo
596 2705 872 2789 honestorumque
900 2708 986 2768 essct
1015 2707 1195 2784 auctorum,
1228 2701 1336 2765 sciunt

78 2809 178 2893 pauci
201 2809 258 2893 illi,
283 2812 338 2894 qui
362 2833 423 2876 nos
447 2815 632 2876 norunt-
654 2812 770 2897 Itaque
793 2816 827 2877 et
849 2812 927 2876 olim
952 2832 1023 2874 sum
1046 2809 1212 2893 professus
1231 2829 1335 2893 neque

78 2938 168 2981 nunc
200 2916 367 2982 dissimulo
402 2919 480 2983 satis
512 2920 615 2983 mults
643 2918 741 2983 dubia
769 2917 849 2983 mihi
877 2917 977 2982 videri
1006 2917 1040 2980 in
1068 2914 1193 2980 Lucilio
1221 2919 1333 2980 nostro

80 3023 330 3107 nequslliadem
346 3030 422 3108 post
430 3023 607 3091 Homerum
625 3031 763 3109 caturca,
773 3026 828 3111 qui
839 3025 988 3106 deinceps
999 3023 1134 3089 eundem
1146 3023 1334 3107 scriptorem

80 3130 143 3193 sibi
164 3131 363 3214 sumpserint
381 3134 595 3199 tractandum.
633 3135 788 3197 Attamen
809 3153 891 3216 quas
910 3135 984 3215 post
999 3131 1173 3194 editionem
1188 3133 1334 3193 nostram

80 3237 231 3322 prodiere
254 3261 317 3303 non
342 3238 431 3303 fuere
454 3240 533 3304 talia
556 3244 593 3303 ut
615 3238 762 3303 funditus
786 3237 894 3322 potius
919 3237 1123 3300 evertendam
1143 3259 1214 3299 eam
1238 3257 1334 3319 quam

80 3345 135 3408 hic
160 3345 225 3408 illic
247 3343 467 3429 refingendam
492 3344 895 3427 existimarem3'adeoque
921 3345 1024 3408 maior
1046 3366 1122 3428 pars
1147 3343 1215 3408 eius
1240 3342 1336 3424 modi,

81 3455 120 3514 ut
148 3455 257 3515 utrum
286 3449 347 3515 hoc
372 3472 456 3515 anno
480 3473 521 3515 an
546 3453 671 3535 aliquot
694 3451 807 3515 lustris
831 3455 907 3534 post
930 3473 971 3515 an
996 3451 1133 3534 denique
1157 3471 1333 3533 numquam

82 3562 355 3642 cognoscerentur
378 3580 442 3623 non
468 3558 606 3623 multum
630 3559 795 3623 videretur
816 3557 944 3623 referre.
959 3594 999 3603 —
1020 3555 1205 3642 Numquam
1227 3561 1333 3620 autern

82 3689 102 3729 a
120 3665 215 3729 nobis
234 3669 395 3729 cessatum
415 3687 518 3749 neque
539 3666 713 3750 quidquam
733 3666 1009 3750 praetermissum,
1029 3665 1200 3749 quominus
1220 3662 1335 3727 Lucilii

82 3772 235 3855 reliquias
273 3777 307 3835 et
341 3773 626 3856 introspiceremus
660 3794 756 3857 quarn
791 3772 1035 3837 accuratissime
1068 3776 1101 3835 et
1132 3770 1335 3834 redderemus

82 3901 180 3963 quam
207 3878 503 3960 emendatissimus,
532 3879 631 3942 etiam
653 3878 714 3942 boc
739 3878 957 3944 declarabitur
980 3879 1079 3961 libro,
1105 3879 1138 3941 in
1162 3900 1224 3961 quo
1248 3877 1335 3941 haud

82 3986 177 4070 pauci
206 3987 275 4048 eius
302 4006 413 4049 versus
444 3986 541 4049 aliter
567 3990 663 4068 atque
688 3985 765 4049 olim
789 3986 909 4050 factum
935 3985 1106 4051 constituti
1132 3985 1198 4049 sive
1222 3988 1336 4048 nostro

84 4091 217 4176 ingenio
241 4090 308 4154 sive
332 4091 477 4155 aliorum.

174 4197 219 4260 At
243 4197 379 4261 interest
402 4196 607 4261 vehementer
629 4203 737 4261 utrum
762 4199 905 4263 invertas
930 4201 1028 4264 verba
1051 4200 1218 4284 scriptoris
1239 4200 1336 4263 medi·

82 4310 171 4369 tatus
191 4325 249 4387 per
268 4325 369 4369 annos
389 4303 547 4387 plurimos
567 4309 600 4368 et
618 4302 765 4366 firmatus
785 4304 966 4370 studiorum
986 4309 1200 4372 continuitate
1216 4308 1337 4391 longis-

82 4412 164 4475 sima
179 4433 220 4474 an
235 4411 346 4475 cadem
361 4410 521 4475 deformes
538 4411 718 4475 temerariis
734 4414 925 4476 commentis
940 4415 1145 4498 inventisque
1161 4415 1337 4495 subitariis

81 4518 191 4602 qualia
214 4518 402 4602 plerumque
426 4518 611 4602 obtingunt,
635 4539 705 4581 cum
733 4521 808 4600 post
826 4520 939 4601 epulas
959 4522 1145 4584 semisomni
1167 4522 1199 4583 in
1219 4521 1336 4584 lectulo

81 4626 291 4706 recubamus,
319 4623 374 4688 sed
402 4628 439 4687 ut
461 4623 592 4688 silentio
616 4628 767 4707 premant
790 4624 1024 4706 prudentiores,
1049 4627 1160 4690 stolidi
1185 4628 1338 4692 emittant

82 4735 114 4798 in
139 4731 317 4816 publicum.

133 4845 199 4885 Noni
213 4845 291 4885 Maso.
306 4842 329 4884 0.
343 4843 372 4884 D.
386 4844 420 4886 ed.
435 4843 460 4883 Ia.
475 4845 604 4884 livoratus.
1092 4843 1123 4891 16
