3164 5326
273 318 321 374 DE
340 318 532 375 coulclssvs
550 318 589 373 IN
607 318 680 374 HAC
699 316 871 374 EDITIONE
890 318 1081 374 ADHIBII'IB.
1244 318 1309 383 305

150 483 188 547 In
208 487 323 568 quarto
343 484 448 567 capite
468 506 488 547 a
506 488 684 549 correctore
705 483 824 548 saeculi
843 482 910 547 fere
924 481 970 547 XI
988 484 1138 567 suppleta
1152 484 1308 568 quaedam

57 611 99 654 ex
132 590 195 655 alio
228 590 326 672 libr03
358 590 437 655 item
466 590 705 656 emendationes
734 589 861 654 additae
889 592 923 653 et
949 590 1190 673 explicationes.
1216 626 1250 636 —
1282 591 1308 652 Α

58 717 131 780 cap.
159 696 190 761 Il
219 698 240 760 l.
272 694 412 761 ‘metus'
440 700 516 781 poet
542 697 640 762 rerba
667 702 786 761 metus
816 697 1009 781 Pompeiis
1037 693 1114 783 (sic)
1140 717 1241 780 usque
1270 697 1310 760 ad

56 804 189 868 initium
217 825 285 888 cap.
309 801 358 867 IV
386 824 467 888 quae
497 806 586 887 sunt,
613 804 675 869 hoc
703 807 753 868 est
778 826 797 866 a
824 804 900 888 140,
923 803 966 867 29
990 802 1031 867 ad
1055 802 1133 885 232,
1158 803 1176 866 7
1201 801 1310 867 omnia

57 911 177 975 lacuna
206 911 333 976 hausta.
380 910 433 974 Ab
466 910 580 974 eodem
608 909 758 994 Meylano
791 910 947 976 lectiones
979 910 1226 993 praetermissae
1259 909 1310 974 vel

57 1021 231 1102 corruptae
264 1040 284 1082 a
316 1017 527 1102 uuieherab,
564 1039 699 1101 quarum
732 1016 846 1102 ingens
879 1020 930 1081 est
961 1039 1128 1100 numerus,
1161 1019 1311 1081 enotatae

56 1146 138 1211 pgg.
161 1125 324 1190 28-143.
352 1162 388 1170 —
415 1124 502 1200 Quas
530 1125 585 1209 qui
613 1125 812 1208 compararit
840 1145 912 1189 curn
936 1124 1169 1210 dittograpbiis
1193 1123 1311 1189 codicis

59 1231 243 1315 Harleiani,
275 1252 407 1315 prorsus
435 1231 620 1296 confirmari
648 1231 733 1315 quod
765 1253 864 1315 supra
891 1231 1012 1297 dictum
1041 1235 1092 1296 est
1119 1232 1158 1296 de
1187 1230 1311 1315 origine

58 1339 138 1404 libri
161 1339 300 1404 Parisini
328 1338 423 1402 facile
450 1339 628 1423 intelleget
652 1374 696 1386 -
719 1336 870 1404 Ceterum
897 1338 992 1403 nobis
1017 1342 1145 1423 praeter
1168 1337 1312 1422 Meylani

59 1449 94 1510 et
113 1445 300 1522 Quicherati
323 1444 458 1509 schedas
477 1444 575 1509 etiarn
594 1443 725 1509 adfuere
745 1446 914 1528 excerptae
932 1466 970 1508 ex
990 1466 1027 1509 eo
1047 1443 1211 1528 lectiones,
1230 1466 1312 1529 quae

59 1552 103 1616 ad
126 1552 232 1637 prima
254 1551 334 1615 folia
356 1549 417 1615 XX
442 1550 489 1616 ed
510 1550 729 1616 Mercerianae
752 1550 870 1634 prioris
894 1551 1100 1634 pertinerent.
1138 1550 1203 1616 llas
1228 1572 1312 1615 com·

59 1659 241 1724 manicavit
263 1657 306 1727 H·
328 1657 489 1743 Keilius.

153 1765 242 1841 Quae
276 1787 349 1829 cnm
376 1765 423 1827 ita
451 1767 574 1849 essent,
604 1765 769 1828 rarissime
797 1787 817 1829 a
844 1764 939 1829 nobis
967 1765 1087 1830 iniecta
1113 1764 1209 1830 huius
1238 1764 1313 1828 libri

61 1874 194 1939 mentio.
231 1870 362 1937 Scilicet
382 1869 465 1935 nihil
488 1871 588 1935 ferme
612 1892 649 1936 eo
674 1872 859 1936 continetur
882 1873 1006 1957 proprii
1029 1872 1093 1936 nisi
1112 1876 1168 1937 eut
1188 1892 1312 1937 errores

62 2002 141 2045 casu
163 1980 214 2044 vel
237 1979 445 2064 neglegentia
469 1977 532 2042 orti
555 1980 612 2042 aut
635 1978 852 2062 coniecturae,
878 1978 990 2062 quales
1014 1977 1246 2043 monachorum
1269 1979 1315 2042 in·

61 2087 153 2152 doles
187 2085 344 2170 capiebat.
389 2082 497 2170 Igitur
524 2083 570 2148 ibi
600 2084 803 2168 potissimum
834 2083 873 2149 de
901 2106 939 2149 eo
967 2086 1118 2170 relatum,
1149 2085 1207 2150 ubi
1233 2084 1315 2149 diffi-

63 2194 213 2259 deremus
237 2190 370 2257 Siversii
394 2189 604 2274 Onionsiiqne
633 2191 829 2256 testimoniis
858 2191 912 2256 vel
934 2192 990 2257 ubi
1013 2194 1132 2258 rectior
1155 2193 1316 2277 scriptura

61 2301 98 2366 in
124 2300 186 2366 hoe
215 2304 301 2365 esset
328 2320 426 2383 quam
454 2298 488 2361 in
516 2298 631 2362 ceteris
659 2297 752 2363 libris
778 2294 825 2383 (id
849 2297 934 2383 quod
957 2320 1024 2363 non
1048 2299 1156 2364 evenit
1178 2300 1242 2364 nisi
1265 2299 1315 2363 bis

62 2410 154 2472 terve
182 2412 215 2471 et
244 2406 372 2491 quidem
399 2405 434 2468 in
461 2404 558 2469 rebus
583 2402 787 2491 levissimis),
815 2405 951 2491 denique
975 2414 1011 2470 ut
1032 2411 1122 2471 certo
1146 2410 1318 2490 appareret

62 2519 171 2581 totum
202 2514 242 2579 ab
271 2511 449 2578 Harleieno
477 2511 617 2595 pendere
644 2535 726 2578 eum.
771 2511 811 2576 In
839 2534 903 2598 quo
931 2515 1041 2577 tamen
1072 2514 1317 2591 observandum,

62 2642 131 2687 non
155 2641 283 2705 semper
305 2619 479 2684 secundem
502 2615 567 2704 (vel
589 2618 735 2707 tertiam)
759 2641 892 2684 manum
914 2617 1083 2684 Harleiani
1107 2619 1199 2685 reddi
1218 2620 1259 2685 ab
1279 2642 1317 2684 eo

62 2727 166 2813 qniP
190 2726 370 2811 descripsit,
393 2724 448 2789 sed
471 2724 632 2790 interdum
655 2727 803 2813 primam,
827 2727 895 2791 sive
918 2727 950 2791 id
970 2725 1087 2792 iudicio
1107 2727 1230 2792 facturn
1248 2727 1317 2791 sive

63 2834 247 2918 descriptus
275 2833 375 2898 codex
402 2836 548 2916 tempore
578 2853 712 2899 eccum
736 2837 937 2900 correcturae
961 2855 1042 2916 quas
1065 2856 1150 2899 nunc
1173 2833 1318 2898 videmus

64 2942 99 3005 in
123 2938 155 3004 H
178 2922 322 3005 nondum
346 2943 495 3003 extarent
518 2961 637 3005 omnes.

155 3046 253 3111 Plura
281 3047 336 3132 qui
364 3067 557 3132 cognoscere
586 3046 740 3129 voluerit,
768 3047 890 3131 poterit
912 3051 1058 3132 repetere
1082 3069 1099 3111 e
1122 3047 1205 3111 libro
1230 3046 1318 3130 Mey-

64 3153 143 3237 lani,
166 3153 223 3218 ubi
246 3153 345 3218 etiam
363 3173 417 3238 pg.
438 3154 479 3217 14
494 3175 563 3237 sqq.
587 3152 771 3219 referrmtur
795 3159 964 3237 excerptae
988 3155 1099 3238 glosae
1122 3154 1319 3239 marginales

65 3261 187 3327 codicis
211 3258 360 3344 Parisini,
384 3261 430 3324 eis
454 3282 536 3344 quae
561 3263 693 3326 suntin
717 3261 748 3326 H
772 3262 966 3326 simillimae.

157 3368 257 3432 Porro
281 3365 506 3431 memorandus
530 3368 630 3432 liber
654 3366 942 3433 Laurentianus
966 3369 1060 3452 plut.
1080 3370 1175 3451 48,1,
1199 3368 1233 3431 in
1256 3389 1320 3451 quo

65 3476 177 3561 priora
205 3474 313 3558 capita
340 3473 418 3557 tria,
448 3495 529 3558 quae
557 3475 686 3560 paginis
714 3479 867 3541 constant
894 3474 952 3560 93,
980 3475 1107 3540 saeculo
1135 3473 1165 3537 X
1193 3474 1245 3539 vel
1273 3472 1320 3538 XI

65 3582 132 3648 sibi
166 3581 266 3646 rideri
300 3579 422 3664 scripta
451 3580 607 3645 indicavit
636 3581 902 3664 Studemundius;
935 3579 1105 3666 Meylanus
1133 3603 1186 3668 pg.
1215 3582 1236 3646 5
1263 3579 1320 3662 IX,

65 3688 214 3754 Havetus
239 3688 304 3752 170
326 3686 356 3751 X
380 3686 549 3770 adscribit3
572 3689 694 3754 relicua
717 3692 793 3757 sunt
815 3687 934 3752 sacculi
957 3687 1026 3753 XV.
1046 3724 1087 3736 —
1108 3687 1157 3753 Ex
1182 3711 1246 3773 quo
1270 3709 1320 3752 ex-

66 3799 180 3880 cerpta
204 3794 359 3878 quaedam
383 3794 519 3879 protulit
538 3795 653 3861 Petrus
672 3794 741 3880 (qui
761 3795 881 3879 etipse
900 3795 941 3859 ad
960 3794 1006 3858 XI
1026 3793 1125 3859 refert
1144 3791 1322 3881 saeculum)

65 3906 102 3969 in
126 3900 317 3988 fragmentis
341 3900 566 3966 historicorum
588 3901 792 3986 Latinorum3
815 3901 898 3966 unde
923 3910 1057 3985 apparet
1075 3923 1148 3966 eum
1168 3923 1233 3965 non
1252 3921 1322 3964 esse

66 4010 191 4074 malurn
214 4029 273 4072 nec
296 4008 486 4073 dissimilem
510 4010 649 4073 multum
668 4009 843 4074 Harleiani.
881 4007 980 4072 Velut
1004 4007 1323 4093 quodpg.142s.l.

66 4113 326 4181 ‘molimentnm'
364 4116 460 4179 huius
494 4114 598 4198 prima
631 4114 801 4180 exhibetur
833 4137 931 4179 manu
963 4112 1082 4192 Galli,
1118 4115 1151 4178 id
1184 4113 1324 4179 secunda

67 4222 217 4290 additum
240 4221 274 4287 in
297 4222 363 4305 illo,
386 4244 458 4287 curn
483 4221 516 4285 in
540 4221 670 4286 relicuis
695 4222 859 4287 codicibus
879 4221 923 4285 sit
942 4223 1105 4286 omissum.
1143 4222 1191 4286 Ac
1214 4225 1323 4286 tamen

68 4329 267 4416 paucissima
293 4330 416 4413 inveni,
443 4350 525 4412 quae
554 4327 595 4392 ad
623 4332 810 4393 nostrorum
838 4329 996 4393 librorum
1025 4327 1213 4392 testimonia
1241 4328 1324 4391 adici

67 4436 233 4503 videretur
256 4457 325 4501 esse
347 4436 440 4501 tanti.

160 4543 313 4609 Proximo
333 4546 408 4627 post
422 4540 702 4607 Guelferbitanum
723 4541 791 4606 sive
807 4541 1029 4607 victorianum
1049 4543 1120 4606 loco
1139 4541 1325 4606 referendus

68 4655 121 4717 est
149 4649 441 4716 Escurialensis
470 4672 564 4718 saec
588 4647 633 4711 Xl
658 4644 723 4734 (Ill
747 4647 781 4712 M
809 4647 876 4734 14),
903 4648 942 4712 de
971 4670 1034 4732 quo
1063 4647 1265 4712 Hartelius
1293 4652 1327 4711 et

70 4758 257 4823 Goetzius
281 4779 340 4822 nos
364 4760 569 4821 monuerunt.
607 4753 821 4821 Continentur
840 4776 888 4840 eo,
911 4755 1015 4839 qualis
1034 4777 1121 4818 nunc
1141 4759 1199 4837 est,
1220 4753 1328 4837 capita

125 4872 191 4912 Nom
205 4872 284 4912 Mine.
300 4869 364 4911 c.1).
379 4869 413 4910 od.
428 4869 454 4909 11.
469 4870 596 4911 Munna·
783 4934 789 4950 ι
1077 4863 1112 4911 20
