3098 5316
424 317 472 370 DE
491 317 542 371 NV
545 316 655 371 munis
674 317 720 372 nb
739 316 895 375 CASIBVS.
923 316 969 370 IX.
1258 314 1317 377 131

1238 408 1277 447 mi
1292 407 1324 446 Μ.

234 476 349 547 nuptias
368 475 471 544 abietem
490 478 596 533 amicos
615 479 680 533 utor
697 476 828 547 primoris
849 478 929 532 viros.

166 587 324 653 Pacuvius
348 586 531 652 Duloreste:

234 713 327 764 nbnne
344 709 444 764 vitium
463 709 572 791 fungar!
584 709 662 780 vulgi
680 709 772 778 adque
792 711 874 779 aegre
894 708 1073 764 malefactum
1092 709 1197 765 leram?

171 819 428 884 Accusativus
470 820 521 884 vel
558 820 825 884 nominativus
860 841 920 903 pro
957 819 1110 884 ablativo.
1161 818 1325 904 Turpilius

139 928 257 992 netrio:

235 1051 313 1103 mets
332 1052 463 1118 parentes
482 1050 572 1104 ctreo.

166 1158 207 1222 M.
235 1158 433 1224 Tullius-de
460 1181 494 1222 re
521 1159 653 1243 publica
681 1158 736 1223 lib.
763 1157 808 1223 V:
841 1158 895 1223 sed
923 1162 1033 1223 tamen
1062 1165 1099 1224 ut
1125 1160 1212 1225 bono
1241 1162 1326 1244 patri

139 1266 217 1330 eilias
242 1265 376 1349 colendi,
400 1265 600 1348 aedificandi,
623 1264 838 1331 ratiocinandi
859 1266 991 1350 quidam
1010 1289 1086 1331 usus
1107 1289 1188 1350 opus
1207 1273 1265 1332 est
1287 1305 1324 1313 —

139 1395 182 1439 ,το
215 1370 343 1457 Cygno,
378 1369 453 1455 περὶ
489 1382 608 1458 ramis:
647 1374 783 1458 denique
822 1373 867 1437 sei
901 1373 1096 1438 vestimenta
1128 1395 1209 1458 opus
1242 1378 1328 1457 sunt,

139 1502 162 1545 e
187 1479 267 1563 fers,
295 1501 350 1543 cur
378 1480 583 1545 conscindis?
612 1481 640 1544 si
667 1501 733 1544 non
763 1502 844 1562 opus
868 1483 956 1563 sunt,
985 1502 1041 1543 eur
1063 1481 1151 1548 fers?
1179 1518 1214 1526 -
1242 1481 1327 1545 idem

139 1586 413 1650 »metheoliberm
437 1585 469 1650 id
493 1586 650 1671 sisciae,
678 1587 752 1650 audi
776 1586 856 1651 hou·
884 1586 969 1670 quod
997 1586 1117 1651 falsum
1143 1588 1223 1653 dicis
1248 1609 1327 1669 esse,

139 1693 200 1759 nini
233 1694 342 1757 oculos
375 1714 455 1776 opus
483 1715 567 1776 esse,
601 1694 628 1757 si
656 1693 782 1757 habet†.
812 1729 850 1740 -
882 1691 1055 1759 Sallustius
1084 1693 1169 1759 Hist.
1198 1695 1253 1759 lib.
1281 1694 1327 1758 ll:

139 1823 235 1885 reque
264 1820 383 1885 magna
410 1822 486 1883 pars
516 1801 651 1865 suismet
674 1805 731 1865 aut
753 1822 984 1885 proxumorum
1007 1801 1083 1865 telis
1106 1823 1123 1862 a
1146 1823 1164 1864 a
1187 1823 1204 1862 a
1230 1800 1328 1865 ceteri

139 1931 182 1972 em
204 1928 356 1991 pecorum
380 1908 660 1973 obtruncabantur
681 1929 698 1968 a
716 1929 770 1967 *a
794 1906 948 1972 Afranius
972 1906 1127 1991 Vopisoo:

239 2029 353 2084 tandem
372 2031 559 2099 seposuimus
577 2032 673 2084 nostru
692 2028 772 2098 fungi
791 2030 915 2084 munera.

172 2125 203 2224 18
226 2171 362 2225 Pacuvius
384 2171 531 2228 Doloreste
553 2175 564 2249 11
586 2179 620 2226 20
644 2171 785 2241 turpilius
811 2172 954 2227 Demetrio
977 2174 986 2242 n
1009 2178 1043 2226 23
1062 2170 1099 2227 Μ.
1120 2171 1228 2226 Tullius
1247 2172 1281 2227 de
1299 2190 1329 2228 re

139 2253 158 2307 L
172 2251 196 2304 V
210 2252 219 2320 l
233 2256 267 2304 25
282 2250 371 2307 Varro
391 2254 487 2323 Cygno
500 2256 511 2322 ΙΙ
524 2260 558 2308 26
575 2255 664 2308 Varro
678 2250 845 2307 Prometheo
859 2253 947 2306 libero
961 2255 971 2321 l
984 2257 1018 2306 28
1034 2251 1184 2307 Sallustius
1197 2253 1270 2307 Hist.
1284 2253 1310 2306 ll
1320 2255 1330 2325 ll

139 2331 264 2386 Afranius
282 2332 413 2402 Vopiseo.

171 2502 204 2555 17
226 2501 331 2556 amicos
350 2519 371 2557 e.
389 2520 413 2572 q.
433 2518 471 2567 e.;
493 2504 645 2575 asyndeton
668 2504 784 2558 causale.
804 2533 837 2544 —
857 2502 895 2557 18
918 2501 1067 2557 Doloreste
1090 2502 1130 2572 P;
1153 2503 1268 2573 Bamb.;
1290 2504 1331 2572 G;

139 2585 227 2637 oreste
241 2581 283 2650 L‚·
292 2580 377 2651 qus.
390 2613 422 2622 -
437 2583 474 2637 19
489 2600 579 2637 nonne
593 2581 693 2637 vitium
708 2585 760 2653 (oei
773 2599 830 2638 uon
844 2600 896 2652 ego
910 2582 1022 2651 vitium)
1037 2582 1071 2635 M
1074 2605 1085 2651 ;
1098 2600 1154 2637 non
1168 2583 1290 2638 officium
1305 2603 1329 2639 a.

139 2662 219 2717 verba
245 2662 433 2730 respondentia
459 2664 484 2717 ei
489 2705 499 2731 ,
525 2665 574 2733 qni
600 2665 789 2732 exprobraret,
815 2664 888 2732 qaod
910 2664 980 2717 atter
1002 2664 1111 2717 iniuria
1133 2665 1222 2734 manis
1248 2681 1330 2733 qnam

139 2745 227 2797 brnen
258 2744 350 2796 airam
376 2743 477 2797 deamat
504 2751 717 2799 eornmooeretnr.
747 2774 780 2783 -
808 2744 922 2810 vitium
955 2746 973 2798 i.
988 2748 1023 2797 e.
1051 2744 1155 2797 malam
1184 2746 1330 2798 consuetu-

139 2839 183 2878 ιω.
202 2853 236 2862 -
260 2820 310 2876 vit.
334 2822 367 2890 t,
390 2829 422 2878 at
444 2841 489 2893 ap.
513 2824 599 2879 Hor:
622 2823 726 2879 virtute
749 2823 867 2879 functos.
889 2855 921 2863 —
945 2826 1031 2893 atque
1056 2823 1079 2877 0
1098 2841 1141 2892 pr.
1165 2824 1219 2894 ΒΗ·
1246 2828 1330 2892 atque

139 2920 167 2959 re
193 2902 291 2957 Bamb.
315 2933 350 2942 —
374 2919 440 2973 egre
468 2904 565 2958 Bamb.
587 2936 618 2944 —
643 2905 824 2959 malefactum
853 2906 892 2960 ed.
917 2906 1027 2974 princ.;
1054 2904 1218 2959 meletatum
1246 2905 1331 2971 (male

139 3003 173 3037 nn
190 2985 229 3039 ed.
250 2984 334 3050 Baa.;
352 2985 462 3051 Bamb.)
481 2986 541 3039 edd.
563 3017 595 3026 -
615 2984 653 3039 20
671 2986 715 3040 vel
734 2983 937 3050 nominativus;
956 2984 986 3038 in
1005 2984 1027 3054 (i
1045 2986 1137 3054 lonae)
1153 2984 1213 3038 ffits
1233 2986 1330 3040 Bamb.

155 3063 311 3119 Beckeram.
334 3094 368 3103 -
392 3063 547 3134 Turpilium
576 3067 610 3133 ef.
634 3070 690 3120 466
709 3067 726 3121 l.
751 3081 858 3130 carere;
885 3067 935 3119 nbi
957 3066 1070 3136 lenitur:
1098 3082 1145 3119 eos
1169 3085 1195 3135 p.
1220 3082 1273 3119 car.
1298 3097 1330 3106 -

149 3161 229 3198 careo
256 3160 306 3198 om.
331 3144 429 3199 Bamb.
455 3163 487 3184 -ι
513 3145 551 3200 24
573 3145 735 3200 racionandi
759 3146 793 3200 G.
818 3177 850 3185 -
875 3145 912 3201 25
936 3146 1018 3215 cigno
1042 3145 1075 3200 G.
1101 3176 1134 3186 -
1158 3164 1247 3215 ταφεε
1270 3148 1330 3201 edd.

149 3223 187 3278 Η.
211 3255 244 3263 -
268 3224 309 3277 sei
336 3223 506 3279 vestimenta
530 3227 580 3291 M;
608 3227 632 3280 si
659 3226 827 3281 vestimenta
854 3224 881 3279 ei
909 3227 950 3294 (et
972 3227 1009 3295 P)
1036 3227 1096 3282 cdd.
1122 3257 1154 3266 —
1178 3229 1233 3282 oid.
1262 3228 1332 3282 iliad

139 3305 202 3358 oiim
228 3305 384 3373 appositam
411 3306 449 3359 ad
476 3307 665 3376 corriqendam
693 3306 716 3359 si
740 3322 806 3360 casa
828 3305 944 3375 quodam
967 3307 1055 3360 luerem
1079 3312 1142 3374 post
1164 3307 1334 3361 vestimenta

139 3386 230 3454 muse,
252 3401 313 3439 cam
335 3385 440 3440 deberet
463 3392 533 3439 ante.
554 3386 631 3440 —si
654 3384 822 3441 vestimenta
846 3401 880 3439 ea
897 3385 1032 3455 linthium
1054 3387 1122 3441 haee
1143 3387 1331 3458 Qnieberotas.

139 3463 175 3518 26
193 3478 265 3533 quse
284 3464 340 3518 fers
362 3496 392 3503 -
414 3481 482 3534 opus
501 3468 567 3518 sunt
584 3481 633 3519 om.
653 3466 751 3520 Bamb.
771 3497 805 3506 -
825 3467 861 3530 εἰς
879 3473 948 3522 reete
966 3469 1095 3536 struma
1112 3469 1244 3537 amintam
1262 3468 1334 3522 iliad

159 3546 240 3598 etiam
262 3543 308 3599 nie
328 3545 400 3600 idem
423 3551 527 3613 oportet
548 3547 652 3614 reponi.
673 3577 704 3584 —
725 3546 761 3599 27
786 3547 931 3615 prometeo
949 3565 995 3617 pr.
1020 3548 1053 3601 L.
1073 3579 1102 3586 -
1126 3546 1230 3615 libero;
1252 3547 1301 3601 lib.
1320 3545 1333 3598 l

139 3665 145 3678 .
165 3653 197 3663 —
215 3621 266 3678 27.
290 3622 328 3678 28
351 3623 381 3678 id
405 3631 437 3680 ut
460 3625 532 3679 scias
552 3656 585 3664 —
605 3625 700 3679 habet.
723 3628 873 3681 octmrariia
890 3628 1016 3682 iambicis
1033 3629 1099 3682 baec
1117 3629 1251 3681 contineri
1269 3628 1333 3681 oiim

139 3703 157 3771 i,
173 3718 289 3772 quoram
305 3706 386 3772 prior
404 3707 531 3773 finiretur
548 3711 609 3774 post
628 3703 741 3772 nemini,
760 3708 851 3761 minna
869 3708 1010 3763 addicente
1027 3725 1057 3762 re
1075 3725 1120 3775 m.,
1138 3710 1211 3776 qaod
1227 3710 1259 3762 in
1277 3709 1334 3762 iilis

139 3781 180 3839 re·
197 3798 268 3851 opus
286 3800 348 3840 esse
367 3788 390 3840 si
406 3785 495 3840 hebet
507 3787 632 3854 displicet
645 3786 748 3854 duplex
761 3794 936 3857 anapaestus,
955 3790 1072 3842 solutam
1086 3790 1141 3841 iam
1150 3789 1335 3856 praetulimus

139 3867 241 3923 lium
258 3897 289 3905 -
305 3866 363 3932 snit
381 3873 471 3922 annm
488 3867 533 3920 bie
551 3871 583 3918 at
600 3867 710 3935 saepius
727 3867 759 3920 m
772 3870 876 3922 saturis
895 3867 1027 3924 Varronis
1040 3868 1188 3936 sophistica
1201 3869 1335 3938 quaedam

139 3947 228 4002 remia
245 3948 475 4016 disceptationum
492 3948 524 4000 in
542 3963 597 4015 aaa
615 3947 685 3999 aiter
703 3950 881 4015 contenderet,
899 3950 1038 4004 oculorum
1054 3965 1107 4002 asa
1120 3965 1177 4002 non
1191 3965 1245 4003 esse
1257 3965 1334 4017 opem.

139 4026 209 4084 dieis
231 4046 305 4095 esse;
330 4044 391 4082 esse
414 4043 464 4081 om.
489 4026 548 4097 H„
570 4027 611 4095 G;
630 4027 685 4080 Me.
707 4058 738 4066 -
757 4027 865 4082 nemini
883 4045 923 4084 oc.
944 4046 987 4097 op.
1008 4045 1067 4082 esse
1085 4045 1171 4097 erebra
1189 4045 1241 4084 scr.
1259 4030 1291 4083 in
1309 4028 1335 4081 L

139 4114 167 4166 2.
187 4140 219 4150 ·-
239 4109 264 4164 si
282 4109 383 4173 habet3
405 4109 454 4162 vix
471 4109 579 4161 uidetur
597 4107 779 4175 uepplendam
798 4109 907 4174 oculos;
926 4110 971 4163 aed
989 4110 1081 4176 potina
1100 4110 1277 4163 librariorum
1295 4110 1336 4162 vel

139 4190 175 4244 nii
197 4191 280 4259 calpa
301 4191 430 4244 baustum
449 4193 568 4256 utputa
585 4184 680 4255 ingeni
699 4187 797 4241 aciem.
817 4219 849 4227 -
870 4189 908 4243 22
926 4187 1061 4255 ruinaque
1080 4205 1182 4259 magna
1200 4206 1264 4258 para
1285 4189 1322 4242 M
1325 4210 1336 4257 ;

139 4285 238 4340 mnae
261 4269 354 4338 (ruina
376 4283 460 4337 qua03
483 4285 553 4323 corr.
574 4268 631 4335 Me)
655 4284 720 4336 pars
744 4285 848 4337 magna
865 4269 925 4324 edd.
941 4299 974 4307 -
990 4267 1124 4335 ruinaque
1144 4285 1260 4336 magum
1280 4269 1299 4321 i.
1314 4285 1334 4322 e.

139 4366 150 4403 ι
173 4349 224 4406 mii
251 4367 336 4421 snper
364 4349 435 4403 alios
462 4347 619 4418 promiscue
648 4351 769 4403 ruerent.
789 4379 822 4388 —
847 4351 985 4417 ruuntque
1012 4365 1077 4416 pars
1105 4365 1209 4417 magna
1231 4365 1335 4417 param

139 4435 219 4486 niter
242 4429 360 4486 Ualerus.
382 4461 413 4468 -
431 4435 494 4498 post
516 4430 589 4483 illud
610 4426 675 4480 telis
693 4428 821 4482 tanetum
839 4431 911 4483 vetut
930 4429 1081 4494 vulnerati3
1106 4430 1178 4497 quod
1196 4429 1336 4484 Dieiecmo

139 4509 208 4567 'em
223 4517 345 4567 mentem
365 4511 397 4565 id
413 4515 504 4564 tamen
522 4526 578 4564 non
593 4510 776 4577 participium
793 4511 865 4564 daco
882 4510 929 4563 ced
946 4510 1057 4563 verbam
1073 4510 1191 4575 finitam.
1207 4539 1240 4549 -
1256 4508 1336 4563 citeri

143 4592 245 4648 Bane.
267 4622 300 4632 -
318 4607 429 4658 recem
452 4589 542 4644 vicem
567 4590 721 4654 Passerat.;
745 4589 807 4654 Me;
831 4605 897 4643 vece
916 4589 956 4656 L,
975 4589 1016 4660 H1
1023 4610 1034 4655 ;
1057 4591 1120 4643 vete
1139 4590 1253 4657 Bamb.;
1275 4589 1335 4643 viee

139 4693 142 4704 ·
160 4671 196 4727 G.
216 4702 251 4714 -
270 4671 309 4727 80
332 4671 574 4726 obtruncabantur
593 4670 626 4723 G.
647 4700 679 4709 —
698 4671 779 4724 etiam
800 4670 831 4722 in
848 4670 902 4736 tine
920 4671 1054 4738 maedam
1071 4671 1185 4737 mnisaa,
1203 4672 1336 4727 incertam

139 4768 163 4810 lt
179 4755 275 4825 wipo,
291 4758 324 4809 ut
338 4757 412 4824 pata
428 4753 465 4807 ab
484 4752 619 4829 hostibus.
643 4781 672 4790 -
694 4750 729 4804 81
750 4766 896 4819 possumus
915 4751 1013 4806 Bamb.

1087 4841 1124 4895 9*
