3098 5316
268 283 306 338 Vl
786 279 996 337 PRAEFATIO.

268 446 379 513 Veluti
401 446 573 513 Horatium
601 450 676 531 post
698 445 895 529 Bentleium,
918 444 1068 512 Ovidium
1091 449 1167 530 post
1189 444 1376 530 Heinsium,
1402 444 1513 511 Lucre·

268 554 350 618 tium
374 557 449 638 post
467 553 709 619 Lachmannum
733 573 887 638 aggresso
911 573 992 639 quae
1016 551 1154 617 calcaria
1172 552 1437 636 admovebuntur,
1461 553 1514 637 qui

268 660 407 745 stimuli,
439 665 475 726 ut
507 665 564 726 aut
595 683 655 746 par
688 661 732 725 sis
764 660 882 726 horum
913 659 1059 725 virorum
1088 659 1251 725 sollertiae
1279 664 1336 725 aut
1363 662 1449 724 certe
1476 682 1514 725 ne

269 766 403 833 inferior
425 767 535 832 nimio.
576 765 670 832 Nunc
693 789 769 833 vero
793 789 874 852 quae
895 772 1005 851 potest
1024 788 1093 832 esse
1112 767 1226 851 gloria,
1249 766 1333 853 quod
1352 767 1459 850 decus,
1480 771 1516 833 tn

269 875 296 939 ri
320 874 527 941 Gerlaehium
555 874 605 938 vel
631 872 793 940 Gerluehii
817 874 940 941 similes
963 874 1164 959 superaveris
1187 873 1239 939 vel
1262 873 1425 940 iudicandi
1449 878 1518 940 arte

271 982 322 1046 vel
346 981 464 1066 peritia
488 981 534 1045 rei
557 982 811 1066 grammaticae?

358 1087 529 1153 Praeterea
557 1086 660 1153 critici
689 1088 744 1173 qui
773 1089 887 1152 merito
910 1091 1069 1154 vocantur
1091 1088 1219 1153 etiamsi
1242 1089 1277 1152 in
1300 1087 1381 1154 locis
1405 1086 1521 1153 diffici-

270 1194 419 1278 lioribus,
453 1217 534 1280 quae
562 1198 612 1260 est
639 1197 774 1259 naturae
801 1193 974 1259 infirmiter
1003 1193 1178 1280 humanae,
1205 1195 1367 1260 interdum
1395 1218 1414 1260 a
1442 1215 1520 1260 vero

271 1303 437 1383 aberrant,
465 1301 587 1368 relicua
615 1301 662 1365 ita
691 1300 757 1365 lere
785 1300 893 1366 solent
919 1305 1072 1384 tractare,
1099 1305 1136 1366 ut
1164 1323 1222 1367 nec
1244 1302 1318 1367 addi
1343 1302 1520 1388 quidquam

270 1409 376 1494 possit
408 1430 467 1473 neo
499 1407 591 1472 demi.
638 1407 683 1471 At
715 1429 840 1488 eorum,
873 1407 928 1492 qui
961 1407 1135 1473 novissime
1167 1407 1335 1475 ediderunt
1366 1408 1522 1489 Nonium,

271 1536 366 1581 curae
405 1515 537 1581 fuerunt
572 1515 669 1594 tales,
706 1519 743 1578 ut
778 1536 819 1579 ne
857 1513 895 1578 de
933 1514 1044 1581 littera
1077 1514 1205 1599 quidem
1237 1538 1303 1581 una
1333 1516 1414 1582 ratis
1447 1519 1522 1581 tuto

246 1610 317 1686 ‘eis
354 1641 465 1706 posses
498 1621 633 1686 eredere.
684 1619 771 1686 Hinc
807 1624 886 1704 quot
918 1622 1097 1708 molestias,
1133 1627 1255 1708 quanta
1283 1623 1393 1689 taedia
1424 1622 1525 1689 nobis

271 1733 367 1813 putas
390 1728 484 1793 orta?

360 1833 495 1899 Interim
518 1855 576 1920 per
599 1856 756 1900 annorum
780 1835 960 1921 decursum,
983 1841 1016 1901 et
1038 1837 1176 1902 maxime
1194 1836 1394 1921 temporibus
1412 1835 1523 1902 novie-

273 1941 372 2025 simis,
395 1941 504 2006 nescio
528 1963 592 2027 quo
616 1945 711 2026 pacto
731 1941 863 2007 mirifice
883 1943 995 2028 augeri
1015 1943 1101 2009 inter
1118 1945 1231 2010 doctos
1250 1942 1361 2029 opinio
1381 1943 1521 2011 etfama

272 2047 371 2114 Nonii
403 2047 520 2134 nostri3
552 2070 589 2113 ac
623 2069 718 2133 saepe
752 2071 771 2113 a
801 2047 887 2113 notis
920 2048 1045 2132 pariter
1072 2049 1255 2135 ignotisque
1282 2053 1420 2134 rogatus
1448 2071 1519 2116 sum

273 2156 391 2221 litteris
418 2155 514 2220 modo
543 2154 755 2240 supplicibus,
784 2155 880 2221 modo
904 2155 1084 2221 minacibus
1107 2157 1308 2241 pericuum,
1331 2156 1519 2224 uttandenr

273 2263 447 2348 aliquando
470 2262 619 2327 ultimam
643 2285 773 2328 manum
797 2263 827 2327 ei
851 2263 1058 2347 imponerem.

363 2367 430 2434 Nec
454 2390 529 2434 vero
552 2369 670 2434 mirum
687 2373 797 2454 potest
815 2371 915 2436 videri
933 2370 1156 2456 impatientius
1176 2393 1195 2436 a
1214 2371 1406 2457 quibusdam
1425 2370 1520 2458 hunc,

273 2499 368 2561 quem
401 2477 550 2542 menibus
582 2480 687 2562 tenes,
719 2477 839 2542 librum
872 2477 1086 2562 efflagitatum
1113 2478 1305 2544 florentibus
1334 2478 1522 2546 etiamnunc

274 2583 473 2649 Lachmanni
496 2587 529 2648 et
547 2583 717 2649 Ritsehelii
738 2584 853 2649 merito
872 2584 988 2649 studiis
1008 2584 1223 2669 antiquissimi
1243 2585 1399 2652 sermonis
1418 2587 1523 2671 latini,

274 2689 389 2776 quibus
414 2691 549 2755 multum
573 2690 719 2775 profecto
743 2690 844 2770 derat,
867 2694 1040 2776 antequam
1064 2691 1225 2775 prodisset
1247 2693 1354 2778 operis
1379 2691 1523 2758 Noniani

273 2797 417 2863 recensio
441 2799 510 2863 arte
534 2800 567 2862 et
589 2798 715 2863 ratione
738 2801 928 2884 temperata.

362 2902 447 2970 Nam
480 2904 718 2970 vetustissimae
746 2903 935 2971 Latinitatis
968 2905 1153 2971 etiamnunc
1185 2906 1335 2992 pleraque
1366 2928 1439 2972 curn
1469 2907 1526 2971 ob

275 3032 367 3076 seura
391 3010 457 3075 sint
479 3014 512 3076 et
534 3011 687 3078 intricata
710 3017 843 3098 propter
865 3012 992 3077 ruinam
1016 3034 1081 3097 qua
1103 3013 1288 3079 conflictata
1311 3019 1387 3079 sunt
1408 3036 1525 3080 monu-

274 3121 384 3183 menta
401 3118 604 3203 ingeniorum
621 3117 773 3185 Cicerone
792 3120 945 3206 priorum,
963 3123 1071 3185 tamen
1093 3120 1237 3186 condicio
1253 3121 1339 3186 illius
1354 3121 1525 3205 aliquante

274 3225 380 3310 magis
403 3226 548 3309 precaria
571 3231 656 3292 esset
680 3230 713 3292 et
735 3226 896 3311 deposita,
923 3226 987 3291 nisi
1013 3231 1138 3292 extaret
1160 3227 1260 3293 Nonii
1284 3224 1529 3313 compendiosa

274 3332 441 3398 Doctrina.

364 3438 447 3514 Quid
466 3440 561 3524 enirn,
579 3445 616 3506 ut
635 3463 737 3526 panea
755 3462 939 3525 memorem,
957 3441 996 3506 de
1015 3440 1172 3507 Varronis
1192 3443 1310 3508 saturis
1329 3442 1523 3511 haberemus

275 3551 476 3632 compertum
498 3547 567 3612 sine
585 3547 670 3614 hac?
706 3547 834 3626 Quanta
852 3548 950 3613 Ennii
968 3547 1156 3634 Luciliique,
1178 3554 1301 3633 quanta
1324 3551 1521 3635 tragicorum

276 3653 535 3738 comicorumque
563 3654 680 3721 Plauto
712 3656 928 3741 posteriorum
957 3677 1032 3740 pars
1062 3656 1173 3721 eadem
1204 3657 1398 3722 continetur!
1436 3656 1521 3727 Illud

275 3761 361 3825 enim
388 3765 555 3845 praetereo
584 3764 684 3828 etiam
711 3764 869 3828 librorum
897 3762 952 3847 qui
979 3763 1124 3829 tulerunt
1153 3767 1292 3830 aetatem
1316 3765 1395 3830 vitia
1419 3767 1543 3834 multa·

274 3867 346 3933 tolli
369 3889 465 3953 posse
489 3868 633 3935 adhibito
657 3868 774 3936 Nonio.

363 3974 408 4040 Et
430 3974 558 4040 hercule
582 3980 717 4061 propter
740 3976 934 4060 scriptorum
957 3977 1163 4061 potissimum
1186 3976 1285 4063 locos,
1308 4000 1389 4062 quos
1409 3977 1526 4066 adfert,

275 4082 364 4146 omni
396 4084 540 4167 ternpore
570 4082 793 4168 frequentatus
825 4086 875 4149 est
907 4082 963 4148 ille
995 4087 1028 4149 et
1055 4088 1234 4169 temptatus
1264 4107 1283 4150 a
1310 4084 1388 4150 viris
1417 4085 1526 4155 doctis

275 4190 459 4275 pariterque
487 4192 520 4255 et
547 4192 664 4256 summi
694 4196 726 4256 et
752 4190 854 4255 infimi
883 4190 1004 4256 ordinis
1033 4192 1155 4257 criticis
1181 4192 1330 4276 praebuit
1353 4193 1527 4260 materiam

275 4296 460 4383 disputandi
487 4319 589 4382 prope
614 4298 784 4364 infinitam.
829 4298 908 4374 Quis
932 4299 1016 4363 enim
1042 4299 1148 4383 ipsum
1173 4296 1330 4379 Nonium,
1358 4299 1527 4367 hominem

276 4405 403 4490 generis
427 4404 566 4471 Romani
591 4405 828 4488 stultissimum,
851 4405 990 4471 multum
1013 4407 1165 4472 curaret?

366 4511 428 4578 Sed
462 4512 547 4597 quod
578 4513 668 4578 fuere
696 4513 751 4598 qui
779 4513 923 4578 dicerent
949 4514 1102 4600 exiguum
1131 4515 1193 4580 iarn
1223 4515 1273 4579 vel
1301 4514 1427 4578 nullum
1456 4516 1529 4582 fore

278 4620 346 4684 eius
370 4641 473 4704 usum,
497 4619 580 4703 quod
604 4621 830 4705 plerorumque
854 4624 1031 4704 auctorum,
1055 4621 1109 4706 qui
1134 4622 1175 4686 ab
1197 4643 1236 4687 eo
1256 4622 1406 4707 citantur,
1430 4622 1530 4690 editis

277 4725 381 4792 denuo
414 4731 447 4793 et
477 4726 600 4793 maiore
633 4727 761 4813 quidem
795 4751 891 4813 quam
924 4733 998 4794 ante
1029 4732 1098 4793 arte
1129 4732 1163 4794 et
1189 4750 1266 4794 cura
1293 4751 1350 4814 per
1376 4734 1529 4815 tempora
