3098 5316
159 276 224 341 336
596 276 734 333 NONIVS
754 273 972 333 MARCELLVS

158 369 204 410 sas.
219 371 260 410 sss
277 368 306 408 n.

319 439 381 492 edm
400 454 490 508 neque
510 441 605 509 uptam
626 439 719 494 mollis
737 439 840 493 umeris
858 439 974 494 fibulam
996 440 1080 508 sagus
1098 437 1194 495 ferret.

249 566 347 614 scuni
375 549 473 633 [quod
502 554 552 614 est
575 570 676 634 genus
699 551 770 630 teli]
796 550 974 616 masculino
998 570 1128 633 genere,
1153 544 1170 638 ΙΙ
1193 552 1232 615 ut
1253 555 1344 615 esta

160 653 358 739 Vergilium:

320 778 495 847 agrestisque
515 795 613 833 manus
633 781 726 833 armat
743 795 849 848 sparus.

160 886 169 973 ll
192 885 318 952 Neutro
342 886 497 951 Lucilius:

320 1014 378 1063 tum
397 1026 487 1079 spara,
506 1013 567 1063 tum
585 1009 713 1064 rumices.

249 1136 396 1186 sanevrs
421 1119 599 1184 masculino
625 1140 742 1205 genere
761 1120 794 1183 in
814 1120 1045 1186 consuetudine
1064 1119 1214 1185 habetur.
1248 1119 1344 1205 Verg

162 1225 322 1290 Aeneidos
347 1226 403 1291 lib.
427 1224 472 1292 lI:

586 1345 634 1383 vos
653 1345 678 1396 ο,
697 1327 798 1397 quibus
816 1329 926 1399 integer
944 1331 1007 1385 aevi

319 1407 441 1477 sanguis,
460 1408 508 1464 ait.

158 1518 168 1605 il
195 1518 319 1583 Neutro
341 1516 467 1583 Ennius
491 1517 638 1584 Hecuba:

320 1641 375 1694 hed
393 1658 437 1694 me
456 1640 596 1706 miseram,
616 1640 722 1696 interiit
743 1643 862 1710 pergunt
881 1641 976 1698 lavere
994 1659 1120 1714 sanguen
1139 1644 1298 1715 sanguine.

250 1750 416 1817 Lucretius
440 1750 495 1814 lib.
519 1749 547 1814 I:

318 1870 473 1928 visceribus
492 1872 586 1926 ricem
605 1870 685 1942 gigni
704 1889 883 1944 sanguenque
902 1876 1001 1930 creari.

249 1983 368 2048 Accius
393 1981 643 2066 Amphitryone:

321 2122 383 2158 cum
403 2103 486 2173 patri'
506 2121 609 2174 parvos
628 2109 710 2172 parat
728 2104 854 2160 hostifioe

320 2187 458 2255 sanguine
477 2201 603 2253 sanguen
622 2186 740 2240 miscere
759 2202 847 2241 suom.

251 2296 336 2360 idem
361 2294 422 2376 [in]
449 2295 608 2360 Aeneadis
633 2302 690 2360 aut
714 2293 826 2361 Decio:

322 2415 378 2471 vim
398 2416 535 2471 Gellicsm
557 2416 648 2472 obduo
666 2418 765 2471 contra
783 2416 813 2471 in
831 2417 921 2472 aciem
940 2418 1103 2487 exereitum,

320 2499 450 2567 reparato
469 2496 567 2551 hostili
586 2497 679 2553 lusum
697 2513 822 2568 sanguen
841 2498 984 2568 sauguine.

250 2720 266 2768 2
285 2711 336 2780 Xl,
356 2717 407 2767 682
426 2714 436 2782 l
454 2717 471 2765 4
490 2710 611 2765 Lucilius
630 2712 639 2782 ΙΙ
658 2717 673 2766 7
693 2710 731 2779 ll,
751 2715 801 2765 638
820 2712 830 2779 l
850 2718 882 2765 10
903 2711 1006 2767 llnnius
1025 2711 1143 2769 Hecuba
1161 2716 1172 2783 Ι
1193 2719 1226 2768 12
1248 2712 1270 2780 Ι,
1289 2718 1337 2768 837

160 2796 260 2848 Accius
281 2792 481 2863 Amphitryone
495 2793 505 2860 ss
521 2799 551 2846 17
574 2794 672 2846 Accius
692 2788 838 2846 Aeneadis.

249 3036 288 3091 86
307 3034 389 3089 molis
408 3034 467 3089 cdd.
482 3034 508 3088 h.
523 3034 540 3088 l.
556 3063 589 3072 -
605 3030 681 3101 sagis
695 3030 730 3085 L.
747 3062 776 3071 -—
795 3031 811 3085 1
828 3033 901 3102 quod
919 3036 962 3088 est
974 3051 1062 3103 genus
1076 3033 1128 3090 teli
1143 3037 1205 3091 secl.
1224 3033 1344 3105 Qucum

162 3116 197 3182 es.
220 3132 265 3185 pp.
290 3119 344 3169 555
368 3131 483 3183 sparum
505 3113 593 3167 telum
618 3116 736 3181 agreste.
757 3142 789 3151 -
809 3111 827 3166 2
851 3110 948 3182 Verg.;
972 3115 1006 3179 cs.
1026 3131 1074 3184 pp.
1099 3119 1165 3170 555.
1187 3145 1221 3155 -
1241 3113 1344 3181 4Lure

163 3196 236 3251 Fest.
257 3199 327 3263 330;
345 3195 433 3250 2701.
454 3210 549 3263 spara:
569 3211 676 3257 rumen
696 3193 778 3246 Paul.
798 3196 860 3247 331.
876 3192 942 3247 --5
961 3195 1079 3249 rumices
1098 3195 1234 3259 Brutia,-
1250 3194 1344 3251 rumicis

162 3275 280 3329 murices
307 3273 389 3327 Paul.
410 3304 443 3314 —
466 3272 485 3326 o
508 3272 666 3327 habebatur
687 3278 790 3340 puncto
812 3289 900 3342 supra
923 3291 940 3328 a
965 3274 1028 3329 add.
1052 3279 1078 3329 et
1101 3276 1217 3347 virgula
1230 3275 1344 3346 posterior

161 3357 254 3409 iuncto
278 3371 338 3408 eam
362 3355 375 3407 t
398 3371 431 3409 m.
456 3360 475 3409 2
499 3353 595 3422 (coluit
618 3353 693 3406 houd
716 3353 798 3407 dubie
817 3354 910 3407 scrita
927 3355 1066 3409 restituere
1083 3355 1158 3410 illud
1176 3356 1344 3425 habetur)L

162 3434 180 3488 8
199 3435 307 3503 integre
323 3434 350 3488 vi
369 3435 402 3487 L.
423 3465 455 3473 —
476 3432 524 3487 lo.
544 3432 579 3486 11
601 3430 719 3496 Ennium
739 3434 772 3499 cs.
792 3437 848 3487 466
863 3434 880 3488 l.
900 3433 1009 3500 lavare:
1028 3437 1114 3489 6041.
1135 3435 1240 3491 lavere.
1255 3465 1285 3477 -
1301 3436 1344 3493 hes

162 3516 231 3568 cheu
251 3515 321 3567 eben
341 3532 385 3568 me
404 3513 464 3583 Η,,·
488 3512 612 3567 hecubae
632 3514 687 3566 heu
706 3529 750 3565 me
770 3512 817 3581 L„
836 3511 896 3582 Η,,·
914 3513 1024 3568 hecuba
1042 3516 1115 3569 eheu
1133 3531 1181 3570 me
1201 3515 1247 3585 L„
1266 3546 1295 3557 -
1310 3516 1344 3575 lsi

161 3593 296 3661 (lambere
315 3592 369 3662 Η,)
390 3591 419 3646 0.
440 3623 472 3632 -
492 3591 528 3646 12
547 3594 581 3660 cs.
603 3595 654 3646 184
669 3592 686 3646 l.
708 3590 812 3656 viscus:
832 3592 942 3648 Luchm.
962 3595 994 3647 in
1011 3593 1097 3649 Luce.
1118 3595 1147 3662 Ι,
1167 3600 1233 3651 837.
1251 3626 1281 3637 -
1296 3592 1334 3655 15.

163 3675 373 3744 Amphitryonis
391 3675 424 3728 de
441 3675 604 3728 obsnsritotc
623 3675 679 3726 ium
697 3674 730 3726 in
748 3688 838 3725 comnn
858 3673 895 3727 ad
914 3677 977 3739 165,
995 3676 1036 3729 22
1054 3675 1221 3730 monuimus.
1236 3706 1267 3715 -
1281 3676 1344 3737 tun

162 3761 252 3808 tamen
278 3755 500 3825 priimus'morum
529 3755 600 3807 inter
623 3752 838 3822 consanguineos
860 3757 993 3821 postorum
1015 3755 1047 3808 in
1070 3755 1122 3809 illa
1144 3755 1344 3825 freqmtensu'

162 3835 316 3888 rnnnoriam
331 3835 378 3901 eis,
395 3850 463 3904 quae
477 3833 546 3888 aliti
559 3834 592 3887 de
606 3832 815 3902 simpicitryonis
828 3832 907 3887 retus
921 3832 1027 3887 tradite
1039 3838 1115 3902 sant,
1132 3835 1202 3889 satis
1215 3836 1344 3907 ecuprsu

163 3944 195 3953 -
207 3913 288 3983 putri*
303 3914 338 3967 M
342 3934 352 3979 ;
368 3918 447 3983 putre
463 3930 484 3968 c.
490 3935 501 3983 ;
515 3914 550 3980 cs.
566 3914 643 3980 infra
654 3931 674 3967 v.
688 3917 734 3969 22.
748 3942 779 3951 -
790 3929 893 3981 parvos
906 3915 1037 3970 nominat.
1050 3946 1083 3956 -
1094 3920 1156 3971 erat
1169 3930 1230 3971 cess
1241 3916 1344 3975 settled

158 4001 286 4063 putorem
304 4010 389 4063 purus
404 4011 457 4062 pro
476 4011 591 4063 puerus,
610 3995 682 4063 quod
700 3994 790 4048 vocab.
810 3995 933 4062 uynosmt
951 3993 1054 4063 Prisc,
1072 4013 1241 4065 quamquem
1256 3996 1344 4055 dom

157 4080 268 4143 praeter
283 4076 433 4129 vocativum
447 4089 533 4143 puers
547 4090 614 4129 usus
627 4074 711 4128 nullo.
724 4074 812 4128 —sed
826 4074 898 4127 illud
911 4090 1012 4143 parvos
1027 4076 1136 4130 uidetur
1150 4077 1189 4132 cd
1198 4078 1239 4131 rei
1247 4076 1344 4135 mesu

162 4156 315 4225 aagendam
329 4172 385 4209 non
398 4156 456 4209 sine
470 4161 625 4222 contesnptn
639 4155 798 4209 odlsihitum.
812 4184 842 4191 —
855 4155 937 4222 purat
948 4153 1074 4224 Vossisss;
1087 4161 1205 4226 patrum
1215 4156 1244 4212 C.
1254 4156 1344 4213 -nin

166 4235 321 4303 l'useerat.;
339 4233 446 4289 hiscere
468 4235 496 4289 0.
517 4266 550 4275 -
569 4253 649 4289 sumn
675 4235 801 4299 Vossius;
820 4250 870 4288 suo
890 4251 913 4288 v.
934 4264 967 4274 -
987 4233 1021 4289 12
1042 4242 1073 4289 tn
1092 4236 1235 4293 Aeneadis
1252 4237 1285 4305 L,
1298 4236 1344 4309 ⁰3⁴

163 4315 192 4368 in
215 4314 300 4385 qus.
322 4345 355 4354 -
375 4314 411 4369 18
435 4313 493 4367 vim
518 4314 655 4370 Gallicani
678 4331 836 4383 crispeiensis
859 4334 877 4370 α
902 4317 1007 4371 contra
1027 4346 1060 4355 -
1079 4315 1110 4370 in
1134 4316 1227 4372 aciem
1248 4316 1344 4385 Delfis:¹

164 4395 223 4450 scio
246 4413 269 4449 o.
290 4425 323 4434 -
344 4394 382 4449 19
406 4396 535 4465 reparato
554 4395 592 4449 M
607 4396 778 4464 (reparatum
797 4395 1003 4465 Neutirchs'as);
1027 4411 1062 4450 ve
1080 4397 1281 4464 (exereitumrs
1297 4395 1344 4467 03¹

163 4475 213 4544 Ll)
232 4477 344 4544 patrum
369 4476 398 4529 0.
418 4505 451 4515 -
471 4477 540 4529 mele
562 4475 742 4529 Buechelerus
765 4473 810 4527 luc
835 4473 954 4544 patrium
980 4475 1117 4545 (patrium
1141 4479 1202 4533 iens
1224 4476 1344 4551 nmen.

162 4571 241 4622 saepe
258 4555 327 4621 feeit
346 4556 499 4610 litterarum
513 4558 610 4625 potius
628 4557 717 4624 apices
735 4559 841 4608 secutus
858 4572 940 4624 quam
957 4570 1059 4611 seuseu.
1088 4573 1158 4612 nass
1173 4557 1344 4628 patirllsrih

163 4636 294 4690 ceciderat
317 4637 348 4689 in
367 4653 466 4705 pugne
490 4638 619 4691 adsersus
645 4634 740 4690 Gallos
764 4640 813 4689 out
839 4635 988 4701 Samnites,
1010 4636 1057 4690 sed
1083 4636 1223 4694 adversas
1240 4638 1344 4699 Minu

163 4715 254 4768 susum
276 4717 354 4780 illue
373 4717 433 4770 suso
454 4716 482 4771 O.
