3164 5326
344 334 393 390 DF
412 334 673 391 COMPFNDIOSA
692 335 880 391 DOCTRINA
898 335 1012 393 NONlI.
1246 337 1312 402 253

150 500 195 563 At
217 498 328 564 Livius
356 501 398 565 ab
426 499 541 564 horum
570 500 698 584 placitis
722 501 819 586 longe
842 501 987 565 diversus
1010 505 1060 565 ter
1084 523 1149 566 non
1174 502 1314 587 saepius,

57 608 95 671 in
123 608 228 690 eapite
256 607 384 693 quidem
409 606 471 691 Ill,
499 609 619 672 citatus
648 631 668 671 a
694 608 817 693 Noni03
845 608 913 692 alii,
940 611 977 672 ut
1000 606 1166 693 Hyginus,
1194 607 1313 692 babeo,

59 712 191 796 Ateius,
213 711 387 797 Masurius,
410 715 560 798 Augusto
584 715 633 778 vel
657 714 787 778 Tiberio
811 713 971 798 aequales,
995 716 1105 798 semel,
1128 719 1161 779 et
1184 715 1313 799 quidem

56 824 195 906 propter
231 821 327 904 talia,
363 843 445 906 quae
483 822 522 886 ad
558 844 609 885 res
643 822 752 905 potius
785 842 881 905 quam
915 821 954 884 ad
988 823 1088 887 verba
1120 826 1315 906 spectarent.

57 926 197 992 Perinde
220 926 364 994 Cornelii
388 928 485 1012 Celsi,
509 930 564 1013 qui
589 933 626 993 ut
644 928 826 993 Fenestella
850 927 1003 992 extremis
1023 929 1165 1012 Augusti
1191 933 1315 1012 tempo·

57 1035 152 1099 ribus
177 1039 211 1099 et
233 1035 364 1101 Tiberio
388 1036 567 1120 imperante
591 1037 714 1118 floruit,
736 1034 768 1099 in
794 1036 901 1120 capite
925 1035 963 1099 de
987 1036 1162 1119 generibus
1185 1035 1236 1099 bis
1260 1035 1315 1099 ad·

57 1141 202 1206 hibitum
227 1144 467 1227 testimonium,
494 1143 603 1207 addito
628 1142 727 1206 semel
750 1141 886 1206 minoris
910 1163 982 1206 eum
1006 1163 1076 1206 esse
1100 1142 1315 1207 auctoritatis,

152 1247 299 1333 Denique
321 1272 387 1315 non
410 1251 528 1315 mirum
552 1251 652 1313 etiam
676 1271 797 1331 eorum,
819 1248 875 1333 qui
895 1248 1091 1312 Frontonem
1112 1250 1213 1313 secuti
1233 1250 1315 1312 anti·

58 1356 293 1439 quissimorum
320 1361 489 1423 auctorum
517 1379 618 1443 genus
646 1356 772 1421 dicendi
801 1356 1020 1439 imitarentur,
1049 1355 1205 1439 quosdam
1230 1377 1316 1419 men·

59 1463 151 1526 tione
174 1462 289 1548 dignos
312 1464 401 1530 visos
426 1463 542 1529 Nonio.

153 1567 258 1634 Semel
289 1572 409 1656 quippe
436 1572 555 1637 citatur
582 1571 623 1635 ab
653 1593 691 1636 eo
720 1569 891 1635 Gadullius
919 1568 1109 1634 Gallicanus
1132 1568 1316 1651 Frontonis,

61 1677 119 1760 qui
147 1698 220 1741 eum
249 1682 408 1744 memorat
432 1700 485 1764 pg.
513 1679 575 1743 160
598 1679 646 1742 011.
669 1676 798 1762 Naber,
824 1677 978 1761 aequalis,
1002 1677 1101 1740 semel
1125 1677 1316 1761 Appuleius.

43 1789 48 1796 '
154 1782 324 1850 Praeterea
355 1784 453 1850 Gellii
491 1787 598 1851 verbis
631 1786 801 1869 aliquoties
834 1805 912 1848 usus
945 1789 995 1847 est
1026 1783 1153 1849 Nonius
1185 1787 1316 1848 auctore

60 1913 129 1955 non
156 1893 334 1958 nominato.
380 1893 483 1970 Quem
511 1914 582 1956 cum
608 1889 675 1977 (pg.
698 1892 779 1975 4933
804 1887 882 1976 171)
910 1890 1066 1954 obscurae
1093 1891 1143 1955 vel
1172 1892 1316 1955 incertae

60 1996 141 2061 dicit
173 1999 392 2083 auctoritatis,
424 1999 537 2063 dubito
570 2001 679 2062 utrum
712 1998 744 2061 id
773 1998 895 2063 factum
926 1997 969 2060 sit
996 1997 1082 2081 quod
1111 1998 1316 2081 intellegeret

59 2126 133 2168 eum
162 2125 268 2168 rerum
296 2105 407 2189 potius
434 2106 529 2190 copia
558 2127 655 2189 quam
679 2104 837 2168 orationis
862 2107 932 2168 arte
957 2105 1117 2188 insignem
1142 2126 1182 2168 an
1206 2104 1315 2187 potius

59 2233 125 2296 qno
158 2216 338 2295 excusaret,
370 2234 426 2276 cur
456 2233 574 2276 nomen
602 2212 787 2277 reticuisset
816 2209 984 2296 scriptoris
1014 2211 1095 2294 eius,
1128 2211 1212 2295 quod
1243 2232 1315 2274 con-

60 2318 200 2383 scientia
218 2317 332 2383 duatus
347 2318 493 2401 proferre
508 2312 680 2383 vereretur.
718 2319 824 2401 Atque
839 2316 901 2381 hoc
915 2316 987 2381 ideo
1001 2319 1212 2401 probabilius,
1231 2318 1315 2401 quod

60 2426 141 2490 alibi
165 2422 260 2511 (188)
283 2427 512 2490 auctoritatem
537 2425 742 2508 prudentium
765 2423 881 2488 tribuit
904 2424 1015 2488 eidem.

150 2531 243 2596 Locis
283 2553 358 2596 vero
396 2531 515 2596 adlatis
548 2532 789 2596 demonstratur
820 2531 854 2593 in
886 2531 1080 2594 auctoritate
1114 2531 1316 2595 aestimanda

59 2638 223 2704 interdum
248 2649 341 2703 suum
364 2639 517 2703 iudicium
543 2644 688 2704 secutum
708 2637 860 2704 Nonium.
898 2637 1044 2702 Eundem
1067 2642 1177 2702 tamen
1201 2639 1236 2701 in
1256 2638 1316 2703 hac

58 2768 94 2811 re
124 2751 162 2811 ut
190 2747 225 2809 in
248 2745 323 2810 aliis
347 2745 510 2829 plerisque
533 2750 570 2809 ut
592 2745 768 2828 plurimum
791 2744 963 2828 probabile
986 2748 1036 2808 est
1058 2745 1316 2810 existimationes

57 2852 359 2939 grammaticorum,
383 2874 463 2936 quos
488 2852 684 2935 compilavit,
707 2853 851 2915 iterasse.
899 2850 1004 2935 Atque
1027 2851 1074 2914 ita
1098 2851 1256 2934 effectum,
1280 2857 1317 2917 ut

57 2962 95 3025 in
121 2981 241 3044 magna
264 2964 355 3042 parte
379 2959 486 3042 operis
510 2981 550 3023 ne
574 2959 673 3022 semel
696 2959 825 3042 quidem
845 2958 883 3021 de
905 2958 1099 3023 auctoritate
1119 2959 1314 3043 scriptorum
1364 3013 1366 3017 ,

60 3067 118 3152 qui
143 3065 285 3130 citantur
308 3066 459 3130 iniciatur
481 3066 625 3148 verbum,
647 3065 750 3130 veluti
774 3065 807 3128 in
830 3063 878 3128 IV
902 3065 1019 3148 capite.

153 3172 298 3256 Denique
309 3172 393 3256 quod
406 3171 599 3258 Septimium
611 3170 775 3254 Serenum,
790 3170 927 3237 saec.lll
940 3173 1102 3256 vergentis
1114 3173 1313 3258 scriptorem,

56 3280 164 3345 octies
193 3280 399 3363 memoravit,
428 3280 544 3364 quibus
573 3280 752 3345 rationibus
781 3277 936 3343 adductus
966 3279 999 3342 id
1022 3278 1135 3343 fecerit
1159 3280 1238 3344 satis
1262 3303 1313 3344 ex-

58 3387 205 3473 plicasse
229 3386 308 3450 mihi
332 3387 443 3450 videor
465 3387 571 3471 capite
594 3385 619 3450 Ι.

152 3491 213 3557 Sed
233 3498 271 3556 ut
288 3494 384 3557 finem
403 3493 520 3558 faciam
540 3515 650 3557 eorum
672 3514 753 3576 qnae
773 3497 850 3557 sunt
868 3493 1043 3576 disputata,
1061 3491 1158 3556 facile
1178 3500 1316 3577 apparet

57 3601 217 3683 rationes,
236 3623 316 3684 quas
331 3599 457 3665 Nonius
477 3605 605 3665 secutus
625 3600 725 3663 estin
745 3597 935 3662 adhibendis
955 3600 1169 3683 scriptoribus
1190 3623 1315 3666 eorum·

56 3729 123 3794 que
152 3709 345 3771 auctoritate
374 3730 412 3772 ac
439 3708 501 3771 fide
532 3706 717 3787 metiendis,
744 3727 847 3789 neque
870 3703 1058 3770 Caesariani
1082 3709 1238 3790 temporis
1264 3710 1314 3774 vel

58 3815 224 3899 Augustei
249 3835 351 3897 neque
375 3814 494 3877 sacculi
518 3815 601 3897 quod
621 3815 801 3877 insecutum
822 3817 871 3875 est
891 3813 1113 3896 grammaticis
1134 3816 1316 3898 convenire,

56 3922 118 3987 sed
144 3920 204 3985 soli
229 3921 330 3984 aetati
354 3919 512 3984 Hadriani
537 3944 574 3985 ac
598 3920 781 4002 Frontonis,
804 3920 855 3983 cui
879 3919 977 3982 etiam
1002 3918 1148 3983 Flavium
1174 3920 1313 4005 Caprum

57 4037 94 4095 et
119 4027 315 4093 Caesellium
339 4026 506 4092 Vindicem
532 4032 664 4111 oportet
686 4028 832 4091 adscribi.

153 4135 257 4220 Igitur
289 4155 371 4217 quae
404 4133 488 4198 docti
523 4137 594 4198 inde
627 4159 646 4198 a
674 4134 782 4199 Sullae
814 4142 960 4216 tempore
991 4134 1031 4197 ad
1061 4134 1192 4199 Traiani
1223 4141 1315 4199 erant

55 4241 273 4310 commentati
296 4262 354 4323 per
378 4242 492 4306 borum
516 4263 596 4325 quos
617 4243 710 4306 modo
731 4241 796 4305 dixi
815 4242 916 4304 libros
935 4245 1149 4303 manaverunt
1169 4243 1200 4304 in
1221 4240 1314 4306 Ourn-

56 4349 255 4439 pendiosam
280 4347 468 4412 doctrinam.
516 4348 665 4412 Dubitari
689 4349 793 4431 possit
815 4348 854 4411 de
878 4370 941 4411 uno
967 4346 1072 4411 Probo
1095 4347 1236 4431 Berytio,
1260 4351 1314 4433 qui

57 4457 174 4523 floruit
201 4458 293 4540 parte
321 4455 424 4520 altera
452 4477 534 4519 saec.
565 4453 579 4517 l
608 4477 637 4537 p.
662 4453 750 4539 Chr,
777 4477 849 4518 cum
878 4476 950 4517 eum
980 4459 1013 4517 et
1040 4455 1313 4519 studiosissimum

56 4567 164 4631 fuisse
179 4561 479 4645 antiquissimorum
496 4566 664 4625 auctorum
680 4566 712 4623 ct
726 4562 895 4645 reliquisse
911 4561 1027 4625 silvam
1043 4584 1105 4625 non
1122 4561 1313 4626 mediocrem

58 4670 329 4739 observationum
361 4670 517 4733 sermonis
545 4668 670 4751 antiqui
700 4671 836 4731 testetur
864 4667 1046 4732 Suetonius.
1095 4668 1214 4732 Verum
1243 4692 1314 4732 cum

58 4802 126 4847 non
165 4779 210 4842 sit
247 4775 415 4860 probabile
453 4799 524 4839 euru
563 4780 630 4838 tarn
667 4795 797 4837 caecum
832 4773 934 4838 fuisse
969 4782 1100 4859 tamque
1133 4777 1313 4859 ridiculum,
