3164 5326
318 358 406 428 QVID
425 364 451 417 A
470 361 634 419 SAEGVLO
653 361 705 418 XV
724 360 977 420 Pnorncnnln'l
996 360 1138 419 GRAMM.
1157 381 1181 420 e.
1200 382 1227 434 q.
1246 382 1267 422 a.
1350 365 1416 430 275

161 525 285 590 versati
318 529 395 591 sunt
425 527 459 592 in
492 528 683 612 corruptelis
711 526 967 613 Compendiosae
999 526 1164 593 doctrinae
1197 529 1348 594 tollendis
1380 537 1416 594 ut

161 631 260 697 multi
287 631 418 698 fuerunt
444 634 619 719 principes,
651 636 796 720 ingenio,
828 636 990 712 doctrina,
1022 640 1092 699 arte
1119 635 1354 720 florentissimi,
1385 642 1417 701 et

161 760 303 823 quorum
326 763 444 805 nomen
468 763 645 826 numquam
670 743 714 806 sit
737 741 917 827 periturum
941 740 1005 805 nisi
1029 741 1157 824 quando
1180 762 1282 827 genus
1305 743 1417 808 huma·

161 868 242 911 num
266 847 299 910 in
322 848 507 934 barbariem
532 848 594 912 erit
617 849 781 932 relapsum
806 853 839 914 et
861 847 1000 914 oblitum
1023 848 1206 913 litterarum
1231 850 1416 932 latinarum,

160 952 210 1018 sic
237 975 304 1018 non
332 957 499 1041 pauciores
528 956 664 1021 extitere
693 956 860 1040 proletarii
889 977 949 1022 nec
976 954 1042 1019 nisi
1069 955 1109 1019 ad
1138 956 1330 1041 explendum
1358 979 1416 1022 nu·

162 1081 290 1126 merum
313 1063 392 1127 nati.

255 1168 342 1245 Quos
360 1169 408 1234 itu
424 1169 579 1234 facillime
598 1171 904 1254 promptissimeque
922 1168 1047 1251 poteris
1061 1168 1146 1234 inter
1160 1191 1194 1235 se
1207 1171 1417 1255 distinguere,

162 1278 201 1339 ut
224 1274 285 1340 hos
308 1275 426 1360 Nonio,
449 1278 523 1342 illos
547 1277 758 1361 scriptoribus
784 1298 865 1362 quos
890 1274 996 1339 adfert
1018 1273 1134 1362 dignos
1158 1281 1315 1343 autumes.

251 1382 345 1457 Quod
373 1405 446 1447 oum
473 1383 522 1448 ita
545 1388 645 1464 esset,
676 1384 805 1449 modum
831 1381 1003 1468 oportebat
1026 1382 1172 1448 adbiberi
1196 1386 1417 1470 abstinerique

162 1488 206 1551 ab
230 1490 319 1553 omni
342 1492 549 1576 cotvpcdtqq
578 1512 642 1574 quo
665 1491 752 1556 haud
775 1490 869 1576 pauci
891 1509 977 1554 nunc
1000 1487 1168 1555 doctorum
1192 1492 1416 1558 conflictantur

164 1594 255 1660 vitio.
304 1595 437 1662 Etenim
469 1619 541 1662 cum
574 1603 608 1663 et
640 1599 859 1683 superioribus
893 1596 1029 1663 saeculis
1061 1597 1202 1680 plurima
1235 1600 1274 1665 de
1306 1600 1416 1665 latinis

164 1703 380 1787 scriptoribus
403 1704 470 1768 sint
492 1706 673 1788 composita
694 1709 727 1769 et
745 1706 806 1771 hoc
825 1711 973 1789 tempore
992 1707 1166 1786 grassetur,
1190 1705 1224 1768 in
1244 1704 1417 1770 Germania

164 1811 318 1895 maxime,
346 1812 577 1877 molestissima
605 1813 762 1897 quaedam
789 1808 1111 1896 πολυπραγμοσύνη,
1139 1833 1202 1897 qua
1231 1813 1417 1878 afficiuntur

164 1916 282 2001 multa,
309 1940 412 2003 pauca
435 1918 655 2003 perficiuntur,
684 1925 717 1985 et
740 1920 921 1986 studiorum
944 1917 1035 1983 velut
1057 1917 1204 2003 flumina,
1232 1941 1314 2002 quae
1338 1920 1416 1984 olim

164 2021 328 2091 latissimo
361 2026 551 2091 ferebantur
584 2027 690 2110 alveo,
723 2028 756 2091 in
789 2027 910 2091 rivulos
941 2024 1078 2089 deducta
1106 2025 1172 2089 sint
1201 2026 1416 2108 tenuissimos,

165 2152 303 2215 quorum
336 2133 426 2216 sequi
460 2154 496 2197 uo
528 2133 726 2217 perlustrare
757 2154 869 2198 cursus
896 2151 1000 2216 neque
1028 2128 1119 2195 iuvat
1145 2153 1249 2216 neque
1280 2133 1419 2218 expedit,

166 2259 304 2324 cumque
327 2238 512 2304 inveniatur
534 2261 673 2326 magnus
697 2262 849 2306 numerus
872 2238 1041 2303 hominum
1058 2239 1123 2322 qui,
1147 2260 1217 2303 oum
1239 2239 1418 2306 eruditione

165 2350 200 2409 et
223 2344 354 2429 ingenio
379 2346 447 2410 sint
469 2345 521 2410 vel
545 2346 634 2411 nullo
658 2348 711 2413 vel
733 2347 815 2412 nulli
839 2345 1017 2429 simillimo,
1040 2343 1153 2409 docere
1172 2348 1283 2411 tamen
1302 2347 1420 2411 malint

165 2472 265 2535 quam
297 2451 433 2532 discere,
464 2452 546 2518 illud
576 2455 716 2518 marimo
746 2458 796 2519 est
824 2452 1000 2519 cavendum
1029 2450 1148 2536 doctis,
1181 2454 1235 2537 qui
1264 2476 1418 2540 magnum

165 2557 289 2642 aliquid
318 2564 352 2623 et
380 2559 465 2644 quod
494 2559 651 2624 memoria
679 2559 813 2646 dignum
845 2561 889 2625 ait
911 2562 1077 2644 posterum
1102 2559 1210 2625 moliri
1234 2560 1419 2645 instituunt,

164 2686 216 2748 ne,
239 2665 316 2730 dum
339 2667 424 2732 levia
447 2689 483 2732 ac
507 2667 631 2731 minuta
655 2670 798 2751 captant,
824 2688 966 2732 summas
989 2687 1097 2730 rerum
1122 2667 1284 2733 omittant.

256 2772 364 2859 Atque
400 2774 480 2839 illud
518 2774 666 2857 inprimis
700 2773 799 2839 Nonii
838 2773 953 2838 editori
991 2773 1181 2858 curandum,
1217 2797 1257 2839 ne
1290 2777 1418 2840 animus

166 2878 272 2943 sterili
300 2879 446 2945 doctrina
475 2881 610 2946 obrutus
639 2902 709 2946 earn
736 2881 852 2965 perdat
875 2880 1079 2944 alacritatem
1102 2903 1240 2966 eumque
1264 2884 1419 2967 vigorem,

166 2986 223 3071 qui
257 2987 306 3051 vel
339 2988 478 3053 maxime
510 2988 683 3073 requiritur
716 2989 748 3051 in
783 3009 878 3072 opere
913 2986 1038 3052 difficili
1070 2988 1165 3071 adeo,
1199 2994 1235 3053 ut
1267 2989 1418 3055 humanis

164 3093 291 3158 viribus
323 3116 425 3179 paene
458 3096 503 3160 sit
535 3096 651 3179 maius,
683 3117 764 3159 neve
796 3094 942 3158 imitetur
971 3094 1151 3177 exemplum
1181 3118 1305 3175 eorum,
1338 3118 1419 3181 quos

166 3200 316 3266 lectionis
335 3223 451 3286 parum
472 3202 623 3266 subactae
638 3201 724 3266 mole
739 3201 824 3265 haud
845 3200 939 3265 aliter
955 3199 1064 3264 videas
1078 3199 1235 3286 fatigatos
1251 3208 1283 3268 et
1296 3203 1419 3269 fractos

165 3307 302 3372 deficere
326 3331 423 3393 quam
447 3309 644 3373 sarcinarum
669 3329 764 3372 onere
788 3307 905 3372 obruta
927 3305 1081 3371 iumenta.

258 3413 362 3500 lgitur
398 3420 490 3480 caute
527 3415 699 3479 admodum
736 3418 769 3479 et
806 3413 1037 3497 circumspecte
1071 3414 1219 3481 adbibita
1252 3417 1419 3483 doctorum

164 3522 274 3586 studia
297 3521 461 3606 Noniana,
489 3522 645 3608 quaedam
675 3527 797 3603 autem,
825 3542 898 3585 cum
927 3519 1056 3583 aliunde
1085 3522 1164 3586 satis
1193 3525 1358 3589 constaret
1380 3523 1419 3588 de

164 3629 364 3712 auctoribus,
387 3630 500 3694 statim
524 3628 661 3692 exclusa.

256 3733 332 3800 Non
356 3737 471 3821 ignoro
496 3734 644 3819 equidem
665 3734 835 3815 aliquando
855 3739 888 3798 et
907 3735 966 3800 sub
987 3734 1115 3799 sordido
1135 3737 1269 3819 palliolo
1288 3738 1419 3803 latitare

163 3841 361 3925 sapientiam
401 3845 435 3906 et
470 3843 505 3905 in
541 3840 755 3926 sterquiliniis
793 3841 930 3905 inveniri
967 3862 1019 3905 res
1057 3841 1320 3926 pretiosissimas.
1371 3846 1420 3909 Ac

166 3955 279 4014 tamen
298 3950 426 4034 ineptus
446 3949 514 4013 iure
533 3948 702 4031 habeatur,
721 3949 775 4031 qui
795 3948 829 4012 in
847 3948 951 4012 triviis
971 3949 1081 4032 potius
1098 3971 1194 4034 quam
1211 3951 1243 4014 in
1259 3951 1420 4017 montium

167 4055 261 4121 venis
286 4076 438 4139 quaerore
463 4054 644 4119 instituerit

328 4168 440 4238 serrum,
459 4185 516 4236 ses,
536 4168 683 4237 argentum
703 4171 787 4236 atque
806 4183 904 4221 aurum
924 4167 1035 4236 penitus
1055 4169 1189 4224 abditum.

257 4266 346 4343 (luae
365 4291 437 4334 cum
455 4269 503 4334 ita
521 4270 597 4349 sint,
616 4269 795 4352 ignoscent,
813 4275 903 4351 puto,
921 4268 1036 4332 harum
1055 4290 1161 4333 rerum
1183 4270 1306 4352 arbitri,
1326 4271 1420 4355 quod,

164 4382 204 4442 ut
227 4376 290 4441 hoc
313 4380 389 4442 utar
412 4377 568 4461 exemplo,
592 4398 662 4441 cum
688 4375 876 4439 Iohannis
899 4373 1080 4458 Vahleni,
1103 4377 1296 4460 professoris
1323 4376 1418 4443 Bero-

164 4483 315 4567 linensis,
344 4483 485 4548 indolem
515 4483 596 4548 satis
625 4483 789 4568 cognitam
813 4481 967 4546 haberem
991 4504 1029 4546 ex
1054 4483 1114 4565 eis,
1144 4506 1225 4568 quae
1249 4485 1289 4549 de
1311 4484 1419 4549 Ennio

166 4589 357 4676 Naevioque
383 4595 416 4654 et
435 4589 582 4656 Varrone
602 4591 782 4675 proposuit,
805 4589 947 4654 eiusdem
967 4590 1124 4653 Analecta
1143 4590 1296 4657 Noniana
1315 4594 1420 4678 legere

166 4698 344 4780 supersedi,
368 4719 405 4761 ac
429 4698 633 4763 mirabuntur
657 4699 775 4782 potius,
799 4718 856 4762 cur
879 4696 959 4780 eius,
984 4697 1039 4780 qui
1064 4698 1219 4762 sustinuit
1240 4699 1335 4764 edere
1359 4700 1419 4765 Lu-

167 4804 276 4868 cilium
310 4826 375 4868 non
408 4811 554 4888 respecta
573 4805 727 4927 ⁹editione
759 4808 885 4887 nostra,
917 4804 1077 4869 rationem
1111 4804 1278 4870 habuerim
1312 4808 1420 4871 ullam.

1152 4911 1206 4965 rs*
