3164 5326
316 325 404 393 QVID
424 327 448 381 A
467 320 633 382 SAECVLO
653 326 703 381 XV
722 324 977 382 PROFECERINT
996 324 1139 381 GRAMM.
1160 342 1183 383 e.
1202 344 1229 395 q.
1249 344 1270 380 s.
1350 324 1412 389 291

161 492 299 576 negabit
330 491 459 556 Afranii
491 491 541 555 vel
573 489 745 574 Pomponii
778 491 845 555 sive
873 488 950 575 Syri
983 511 1096 555 versus
1128 490 1228 555 fuisse
1256 490 1416 555 Plautinis

161 597 334 682 aliquanto
357 596 622 683 castigatiores?)
645 619 749 682 neque
772 598 806 661 in
829 597 965 683 tragicis
989 598 1152 664 materiae.

254 704 426 769 Praeterea
449 726 645 788 quamquam
668 727 734 771 non
758 709 869 788 potest
891 705 1003 790 negari
1028 728 1047 769 a
1066 704 1246 770 Ribbeckio
1269 705 1416 769 sublatos

161 812 339 877 multorum
368 811 504 876 decursu
532 833 689 877 annorum
718 834 842 877 errores
871 811 957 876 haud
985 813 1032 876 ita
1060 834 1179 895 paucos
1203 813 1426 889 librariorum„

160 925 275 983 tamen
309 941 435 984 summa
465 918 513 982 rei
545 917 598 983 hic
631 924 667 983 ut
699 920 818 1003 ubique
850 919 931 1000 iere,
967 919 1094 1004 quando
1128 920 1168 985 ad
1201 918 1418 985 emendandos

163 1027 342 1111 scriptores
366 1048 401 1091 se
425 1025 572 1107 accinxit,
594 1048 709 1109 parum
732 1028 762 1090 ei
786 1026 883 1091 cessit
906 1046 1068 1109 prospere.

255 1131 368 1218 Neque
387 1132 494 1196 minus
513 1131 594 1195 illud
614 1133 802 1213 notandum,
822 1133 906 1216 qnod
927 1137 1101 1216 apparatus
1121 1135 1255 1199 obrutus
1271 1133 1420 1217 congerie

163 1240 424 1306 coniecturarum
458 1238 751 1322 condiscipulorum
784 1239 866 1316 eius,
899 1238 1141 1326 Buecheleri,
1172 1240 1422 1324 Kiesslingii,

163 1347 347 1425 Vseneri,
367 1345 541 1410 maximam
561 1349 696 1428 partem,
719 1344 838 1430 nequid
858 1345 990 1431 gravius
1010 1346 1124 1432 dicam,
1147 1370 1260 1430 parum
1278 1346 1421 1411 fructuo-

165 1476 287 1519 sarum.
310 1491 347 1500 -
370 1453 454 1529 Quid
478 1451 564 1537 quod
588 1452 667 1516 adeo
686 1451 819 1517 Iacobi
841 1451 984 1536 Maelii,
1006 1453 1200 1535 professoris
1220 1446 1422 1534 Basiliensis,

165 1583 265 1646 quem
293 1561 422 1646 quidem
445 1559 606 1624 Maesium
636 1559 755 1624 rectius
780 1559 914 1636 dixeris,
941 1560 1046 1623 multa
1067 1559 1187 1624 ibidem
1211 1561 1314 1625 relata
1338 1583 1422 1624 com·

167 1667 301 1732 menta?
324 1703 362 1713 —
385 1665 467 1732 Ourn
494 1666 556 1731 hoc
584 1665 685 1751 igitur
713 1690 732 1731 a
756 1664 936 1731 Ribbeckio
965 1664 1141 1730 amicitiam
1168 1668 1314 1752 suspicor
1336 1669 1422 1731 iunc-

168 1779 241 1839 tam
268 1796 331 1858 quo
359 1777 505 1860 tempore
532 1773 601 1856 ipse
625 1770 774 1837 Basileae
803 1772 950 1857 degebat
996 1772 1042 1835 At
1063 1773 1160 1859 longe
1183 1774 1296 1838 utilius
1319 1774 1424 1838 fuerat

168 1881 321 1966 neglecto
349 1878 477 1945 Maelio
496 1879 710 1944 Basiliensem
739 1880 877 1944 invisere
906 1878 1049 1943 codicem
1077 1880 1189 1959 Nonii,
1222 1904 1317 1966 quem
1346 1880 1422 1944 Ger·

166 1985 269 2052 lachii
298 1988 459 2071 pravitate
487 1986 640 2071 deceptus
664 1987 793 2071 saepius
817 1985 964 2051 confudit
988 2007 1060 2050 cum
1084 1985 1240 2052 Bernensi
1265 1989 1315 2053 83.
1362 1985 1426 2053 Sed

168 2095 203 2158 in
227 2093 289 2159 hac
312 2097 404 2179 parte
428 2115 493 2177 qua
517 2094 642 2159 incuria
660 2093 760 2158 fuerit
778 2091 977 2158 Ribbeckius
996 2093 1047 2157 vel
1068 2094 1142 2159 inde
1162 2099 1307 2180 appapet,
1331 2094 1425 2179 quod,

169 2222 245 2265 cum
268 2223 327 2284 per
349 2204 402 2266 tot
424 2223 527 2267 annos
551 2201 706 2266 insederit
725 2200 904 2285 Helvetiae,
926 2221 1102 2283 numquam
1127 2201 1306 2266 Bernenses
1326 2201 1426 2267 Nonii

169 2308 284 2392 libros,
307 2307 426 2373 nedum
451 2308 672 2374 Genevensem
697 2308 731 2372 in
754 2329 832 2373 usus
857 2328 932 2372 suos
957 2306 1115 2372 adhibuit.

262 2415 351 2491 Quae
379 2437 451 2480 cum
479 2416 528 2479 ita
556 2415 636 2498 sint,
667 2437 733 2480 non
762 2416 824 2479 erit
851 2413 983 2492 mirum,
1015 2415 1099 2497 quod
1127 2416 1160 2479 in
1187 2415 1427 2481 commentariis

171 2523 277 2605 hisce,
304 2522 360 2587 ubi
383 2526 435 2587 tot
458 2522 549 2586 milia
573 2522 843 2604 coniecturarum,
872 2543 973 2607 eaque
996 2522 1156 2587 maiorum
1179 2524 1301 2607 pariter
1324 2524 1427 2586 mino·

171 2652 311 2715 rumque
334 2630 481 2715 gentium
505 2630 683 2714 doctorum,
706 2633 938 2713 memorantur,
960 2628 1012 2693 bis
1032 2628 1225 2715 Kiesslingii
1243 2631 1281 2694 fit
1299 2630 1429 2714 mentio,

173 2738 224 2801 bis
248 2735 372 2820 Maelii,
394 2735 541 2822 Vseneri,
563 2738 626 2801 nisi
650 2737 807 2802 memoria
830 2737 932 2818 labor,
955 2758 995 2800 ne
1019 2737 1118 2800 semel
1144 2737 1281 2822 quidem.

267 2844 403 2927 Tamen,
437 2867 477 2909 ne
509 2844 650 2909 iniustus
683 2845 718 2908 in
746 2844 962 2910 Ribbeckium
995 2844 1071 2927 sim,
1103 2844 1312 2927 laudandum,
1344 2846 1429 2930 quod

174 2953 316 3018 sensisse
345 2952 471 3016 videtur
499 2956 672 3037 utcumque
696 2952 885 3018 Danaorum
913 2952 999 3016 dona
1022 2952 1134 3017 oblata
1157 2953 1219 3017 sibi
1244 2954 1285 3017 ab
1310 2952 1430 3017 amicis.

175 3058 263 3124 Nam
300 3081 497 3144 quamquam
532 3063 654 3125 multus
687 3064 737 3124 est
770 3061 803 3123 in
837 3058 1021 3124 adferendis
1055 3059 1288 3143 laudandisque
1320 3080 1431 3122 eorum

175 3166 380 3249 commentis,
403 3188 469 3231 non
492 3168 616 3251 recepit
638 3167 701 3230 nisi
725 3167 930 3249 paucissima.

268 3272 432 3359 Singulari
458 3274 659 3338 conflictatac
679 3273 741 3338 hoc
761 3274 890 3337 saeculo
910 3272 1098 3337 calamitate
1117 3271 1273 3337 Varronis
1294 3280 1432 3337 saturae.

177 3382 267 3458 Quas
278 3402 351 3445 cum
361 3384 435 3444 ente
448 3401 551 3445 annos
561 3380 634 3464 plus
644 3378 701 3443 XL
710 3401 825 3464 parum
835 3378 972 3443 feliciter
982 3379 1166 3443 affectasset
1178 3378 1434 3463 llu0ehlerus,

177 3510 246 3553 non
275 3486 448 3572 indiligens
471 3486 570 3551 homo
595 3493 652 3550 aut
675 3487 869 3569 incuriosus,
897 3485 953 3550 sed
977 3507 1081 3570 neque
1105 3487 1150 3550 rei
1176 3487 1329 3552 metricae
1353 3487 1433 3551 satis

180 3595 292 3678 ampla
315 3594 434 3677 peritia
456 3614 560 3677 neque
584 3616 622 3657 ea
646 3594 768 3678 ingenii
788 3592 980 3670 subtilitate,
1003 3615 1085 3676 quae
1106 3595 1154 3656 vel
1175 3595 1313 3659 maxime
1334 3594 1435 3678 requi-

178 3702 265 3766 ritur
287 3701 321 3764 in
345 3700 403 3766 illo
427 3721 523 3785 opere
545 3700 749 3782 difficillimo,
773 3700 966 3784 eaedemque
985 3699 1152 3783 paulisper
1171 3707 1278 3766 essent
1296 3701 1435 3766 refectae

181 3810 221 3872 A.
243 3807 428 3871 Meinekii
457 3811 490 3871 et
513 3805 548 3871 O.
572 3806 809 3871 Lachmanni
837 3807 948 3891 paucis
973 3805 1115 3889 quidem,
1145 3807 1200 3871 sed
1225 3809 1365 3892 egregiis
1388 3808 1436 3871 in-

181 3915 302 3992 ventis,
322 3920 356 3978 at
375 3935 479 3997 neque
494 3912 732 3998 Theophilus
748 3915 942 3999 Roeperus
961 3934 1064 3997 neque
1081 3913 1244 3979 Adolfus
1265 3913 1436 3979 Kochius

182 4023 323 4088 multum
351 4021 577 4105 profecissent,
603 4043 640 4084 ex
665 4024 782 4104 quibus
806 4022 860 4085 ille
886 4022 935 4084 vir
958 4020 1087 4104 quidem
1111 4021 1174 4083 fuit
1196 4023 1359 4104 egregius,
1383 4020 1437 4084 sed

184 4129 225 4194 ad
245 4128 389 4211 iniquam
409 4128 536 4192 delatus
555 4130 736 4211 materiam,
759 4128 844 4192 hunc
863 4149 958 4192 nemo
979 4128 1149 4211 quisquam
1169 4150 1321 4212 umquam
1342 4148 1439 4190 sanus

183 4235 343 4316 laudarit,
376 4257 450 4299 mox
483 4234 649 4299 Ioannes
678 4234 893 4314 Vahlenus,
926 4255 1091 4298 successor
1118 4256 1203 4298 nunc
1232 4233 1439 4312 Lachmanni,

186 4347 361 4427 postquam
382 4340 552 4406 Ritschelii
574 4340 794 4426 praeceptoris
814 4334 1091 4405 commeirdatione
1111 4363 1148 4405 ac
1167 4341 1271 4405 tutela
1290 4341 1441 4425 probavit

186 4448 330 4514 Ennium
359 4471 453 4513 sunm
482 4449 650 4514 doctorum
679 4448 776 4532 vulgo
807 4453 903 4531 atque
933 4447 1028 4510 editis
1054 4446 1275 4512 Coniectaneis
1304 4448 1337 4510 in
1361 4446 1442 4509 Var-

188 4579 300 4622 ronem
330 4560 363 4620 et
387 4555 554 4619 Analeotis
578 4553 737 4618 Nonianis
764 4554 962 4638 plenissimis
987 4558 1037 4617 est
1060 4558 1221 4618 mactatus
1245 4553 1442 4638 condiscipu-

188 4664 295 4729 lorum
327 4684 473 4745 suorum,
504 4661 673 4726 Ribbeckii
707 4667 740 4725 et
767 4659 970 4743 Buecheleri,
1004 4660 1168 4743 laudibus,
1200 4661 1319 4725 abhinc
1347 4662 1443 4724 annis

189 4772 262 4855 plus
278 4769 370 4834 XXV
390 4789 428 4832 eo
448 4767 658 4832 confidentiae
678 4769 795 4833 dicitur
815 4789 884 4832 esse
902 4788 1105 4854 progressae,
1130 4770 1166 4830 ut
1185 4767 1223 4831 de
1242 4767 1444 4832 recensendis

1177 4868 1231 4923 19*
