3164 5326
388 335 436 390 DE
455 335 644 392 conlclssvs
665 337 704 391 IN
722 336 796 392 Hac
817 336 989 392 EDITIONII
1010 337 1202 393 ADHIBI'IIS.
1362 338 1423 402 311

267 499 381 564 Tradit
396 499 586 565 Gerlachius
602 522 654 585 pg.
668 500 795 566 XXVII
815 502 918 565 multa
938 502 970 566 in
990 523 1027 567 eo
1043 502 1113 566 sine
1126 502 1202 570 libri
1217 503 1425 588 inscriptione

173 607 311 692 laudari,
334 629 397 692 qua
420 608 452 672 in
477 630 510 672 re
534 606 564 672 ei
587 609 737 673 convenit
759 632 831 672 cum
854 608 985 674 relicuis
1009 609 1143 678 duobus.

266 712 372 779 Codex
392 694 524 799 propria
543 715 703 799 quaedam
723 714 821 779 habet
840 735 905 778 uon
924 715 1113 799 spernenda.
1145 714 1207 781 Sed
1226 716 1312 780 idem
1327 718 1425 782 inter-

173 822 305 904 polatus
328 822 463 906 ideoque
488 826 580 887 caute
604 821 815 886 adhibendus.

265 928 380 994 Liber
398 927 769 1012 Montepessulanus
789 928 853 992 212
872 926 1129 1007 (Buherianus
1146 927 1257 1016 Dm),
1277 938 1313 993 ut
1332 930 1425 995 Gor-

173 1036 311 1120 donus,
331 1035 547 1101 bibliothecae
561 1034 759 1100 Medicorum
775 1034 1077 1119 Montepessulanae
1092 1037 1320 1102 celeberrimae
1336 1060 1424 1121 prae·

172 1144 288 1223 fectus,
314 1166 350 1208 ea
374 1164 456 1227 quae
479 1143 611 1227 propria
634 1147 685 1206 est
707 1141 875 1207 Gallorum
898 1143 1052 1208 comitata
1075 1166 1135 1208 nos
1159 1145 1278 1226 docuit,
1304 1146 1424 1210 saeculi

172 1255 225 1315 est
248 1250 287 1332 X,
311 1250 350 1314 ad
375 1251 461 1335 quod
483 1254 516 1314 et
539 1250 594 1313 alii
618 1248 781 1313 rettulere.
819 1247 972 1314 Continet
995 1271 1091 1334 apg.
1114 1250 1253 1315 101166
1277 1273 1423 1317 aversam

172 1356 326 1440 Nonium,
349 1356 463 1422 deinde
487 1378 587 1442 usque
610 1355 651 1419 ad
671 1355 712 1420 79
731 1353 878 1419 Persium
902 1377 973 1420 cum
994 1357 1137 1440 scholiis,
1162 1380 1257 1442 quem
1277 1380 1356 1423 saec.
1375 1358 1423 1424 IX

171 1468 270 1548 putat
288 1465 452 1548 scriptum.
489 1461 536 1528 Of.
556 1463 594 1527 de
613 1461 674 1526 hoc
692 1462 738 1525 cd.
754 1465 787 1525 et
801 1461 909 1526 Iahnii
923 1464 1045 1547 proleg.
1061 1463 1164 1528 Persii
1178 1486 1233 1550 pg.
1247 1464 1423 1551 CLXXIII,

172 1573 228 1656 qui
250 1594 322 1635 eum
341 1575 470 1635 secutus
487 1570 677 1635 Haenelium
699 1592 780 1634 saec.
802 1569 881 1635 dicit
898 1592 968 1635 esse
986 1569 1042 1636 IX.
1080 1570 1160 1636 Post
1179 1574 1423 1656 inscriptionem

172 1679 295 1764 legitur
318 1699 385 1762 cap.
413 1677 468 1762 IV,
490 1681 560 1741 tum
584 1676 609 1761 Ι,
632 1675 673 1759 11,
697 1678 853 1742 omissum
875 1676 934 1760 III,
960 1678 1075 1742 deinde
1098 1680 1329 1745 continuantur
1352 1682 1422 1746 reli·

171 1809 233 1852 cua
256 1789 384 1869 praeter
406 1784 468 1867 IX,
496 1785 582 1870 quod
607 1784 685 1848 dest.
731 1784 768 1848 In
792 1785 923 1869 quibus,
950 1789 987 1848 ut
1011 1786 1108 1850 refert
1131 1808 1204 1852 cum
1228 1787 1421 1863 (luicherato

170 1892 352 1976 Gordonus,
375 1890 470 1956 XVII
495 1879 675 1956 subiectum
700 1897 815 1975 quarto
839 1890 974 1974 decim03
999 1892 1095 1976 idque
1118 1915 1156 1957 ex
1179 1894 1250 1977 ipso
1273 1899 1422 1981 tractum,

169 1999 299 2064 videtur
323 1999 510 2084 archetypo.

259 2105 309 2171 De
333 2107 569 2191 subscriptione
593 2106 715 2171 dictum
740 2105 845 2189 capite
867 2104 925 2169 111.

259 2213 357 2279 Liber
388 2235 453 2279 non
483 2214 634 2298 indignus
662 2212 848 2298 cognitione
876 2216 909 2276 et
939 2214 993 2297 qui
1023 2215 1154 2298 propria
1182 2216 1342 2281 nonnulla
1369 2240 1421 2282 ex-

168 2323 283 2388 hibeat
305 2323 397 2387 bona.
435 2320 637 2404 Quamquam
657 2320 868 2385 falsissimum
889 2319 979 2402 illud,
1002 2322 1087 2404 quod
1107 2321 1187 2386 dicit
1206 2323 1420 2399 Quicheratus

170 2452 243 2495 eum
273 2429 400 2493 nullum
423 2428 523 2492 alium
546 2428 739 2513 cognatione
762 2431 909 2512 tangere3
938 2450 1019 2513 quae
1043 2450 1094 2492 res
1118 2430 1168 2493 vel
1192 2452 1229 2493 00
1253 2430 1421 2518 refellitur,

167 2536 255 2623 quod
282 2537 402 2620 pagina
430 2535 547 2618 capitis
571 2533 618 2598 IV
647 2534 717 2618 illa,
744 2556 825 2618 quae
854 2533 926 2598 inl
954 2534 1075 2613 delata,
1104 2542 1137 2599 et
1165 2537 1199 2599 in
1222 2537 1284 2601 hoc
1308 2538 1420 2602 eodem

167 2644 240 2708 loco
269 2643 400 2727 legitur,
434 2664 497 2726 quo
525 2642 559 2705 in
587 2641 724 2706 relicuis.
770 2641 963 2725 Plerumque
991 2646 1099 2706 autem
1128 2665 1200 2707 curn
1230 2642 1325 2710 Bern.
1354 2647 1418 2711 347

167 2754 202 2815 01
222 2749 293 2814 Par.
314 2750 400 2815 7165
424 2748 549 2815 accedit
571 2747 611 2813 ad
635 2746 770 2812 classem
794 2747 995 2831 deteriorem,
1019 2747 1081 2814 hoc
1104 2750 1216 2813 estad
1240 2749 1289 2834 L„
1308 2751 1363 2836 H„
1382 2752 1419 2837 G,

166 2856 291 2941 Bamb,
314 2858 357 2942 gl.
381 2856 482 2942 Lugd.

258 2962 357 3029 Caret
388 2964 552 3029 lemmatis
586 2963 754 3047 permultis
787 2967 820 3026 et
852 2963 1021 3047 exemplis,
1058 2968 1095 3027 ut
1127 2962 1312 3039 Quicherati
1347 2971 1419 3031 utar

165 3071 275 3150 verbo,
298 3071 598 3155 innumerabilibus,
620 3070 677 3154 ita,
701 3074 736 3134 ut
755 3070 807 3133 vix
826 3070 956 3135 tertiam
976 3069 1081 3155 operis
1100 3075 1224 3154 partem
1245 3072 1417 3138 contineat.

165 3179 213 3245 Et
235 3177 388 3262 pleraque
413 3177 541 3262 quidem
565 3181 701 3262 apparet
723 3177 836 3259 recisa,
860 3197 923 3260 quo
946 3176 979 3239 in
1003 3176 1100 3241 breve
1119 3177 1319 3261 redigeretur
1337 3179 1418 3243 liber

166 3286 305 3370 longior.
350 3283 516 3349 Interdum
540 3288 649 3348 tamen
673 3306 693 3348 a
716 3283 848 3348 librario
876 3282 1019 3366 sublata,
1047 3304 1129 3367 quae
1159 3284 1280 3348 videret
1304 3306 1418 3350 manca

164 3400 198 3459 et
226 3397 387 3477 corrupta,
410 3392 526 3456 docent
549 3413 595 3474 ea,
620 3414 700 3475 quae
725 3412 777 3476 pg.
801 3392 821 3454 3
846 3388 1005 3454 adfinem
1030 3391 1049 3454 l.
1074 3388 1254 3455 ‘velitatio'
1280 3414 1299 3455 a
1322 3393 1416 3456 nobis

164 3506 243 3566 sunt
276 3504 397 3564 notata.
443 3498 482 3563 In
515 3498 653 3564 citandis
686 3521 781 3583 porro
811 3486 996 3562 auctoribus
1025 3519 1157 3579 operum
1185 3499 1300 3563 titulos
1329 3499 1418 3563 velut

164 3608 328 3673 industria
356 3606 465 3671 omitti
492 3608 631 3670 testatur
654 3606 737 3670 idem
762 3605 986 3688 Quicheratus;
1017 3605 1136 3687 quain
1159 3626 1192 3669 re
1216 3606 1244 3669 ei
1268 3607 1418 3671 convenit

163 3737 239 3781 cum
265 3714 359 3778 Bern.
382 3714 446 3778 347
472 3717 505 3776 01
527 3711 597 3776 Par.
623 3713 717 3797 7665,
742 3736 780 3776 ex
804 3712 916 3777 eodem
940 3712 1030 3775 fonte
1054 3710 1167 3775 ductis.

255 3820 418 3897 Quaedam
456 3841 493 3883 ex
526 3817 810 3903 Montepessulano
847 3823 961 3884 notata
998 3818 1181 3883 habuerunt
1212 3817 1417 3887 Basilienses.

163 3929 309 3995 Maxima
336 3933 445 3992 tamen
474 3948 549 4010 pars
578 3948 702 4010 eorum,
729 3948 810 4011 quae
834 3949 871 3991 ex
895 3926 955 3990 hoc
980 3924 1078 4007 libro,
1105 3924 1184 3988 item
1208 3947 1246 3989 ex
1269 3923 1416 3990 Danielis

164 4037 290 4123 pariter
316 4039 414 4119 atque
438 4032 625 4099 Oolbertino
649 4034 765 4117 (Paris.
790 4034 876 4099 7665
899 4029 1052 4117 017666)
1077 4031 1212 4095 anobis
1237 4054 1416 4097 memoran-

162 4150 232 4229 tur,
261 4141 449 4220 Qnicherati
476 4141 538 4205 fide
565 4131 721 4206 nituntur.
768 4140 881 4225 Itaque
909 4141 961 4205 his
990 4140 1093 4204 rarius
1122 4138 1172 4202 usi
1200 4161 1319 4205 sumus.
1365 4139 1414 4203 Ex

163 4250 323 4316 Parisinis
345 4248 444 4313 etiam
464 4247 660 4312 Basilienses
680 4255 712 4311 et
730 4248 859 4312 Riesius
878 4248 1035 4333 quaedam
1054 4247 1238 4311 habuerunt
1256 4252 1415 4330 excerpta.

254 4355 307 4419 Ex
336 4355 451 4419 libris
475 4354 628 4419 Italicis
653 4354 750 4420 Nonii
780 4355 935 4439 quosdam
964 4377 1029 4419 non
1053 4376 1122 4418 esse
1150 4352 1342 4438 repetendos
1373 4355 1414 4417 ab

162 4486 213 4546 eo,
236 4485 331 4547 quem
353 4461 499 4552 Lutetiae
519 4462 718 4526 Parisiorum
737 4462 863 4525 invenit
882 4461 1024 4546 Poggius
1044 4467 1076 4526 et
1096 4484 1163 4544 cap.
1182 4459 1231 4524 III
1250 4464 1413 4524 carentem

161 4591 266 4653 neque
295 4569 378 4634 alias
408 4569 489 4633 satis
516 4570 692 4654 integrum,
722 4572 810 4633 certo
839 4573 975 4633 constat.
1022 4568 1106 4633 Nam
1130 4566 1310 4632 Florentini
1335 4568 1413 4650 plut.

160 4678 252 4763 48‚1
280 4677 391 4760 priora
415 4675 522 4758 capita
545 4677 609 4741 tria
633 4696 714 4740 saec.
733 4673 780 4738 XI
805 4677 937 4761 scripta3
961 4697 1019 4740 nec
1043 4676 1147 4759 magis
1172 4675 1212 4739 ab
1237 4674 1413 4757 exemplari

162 4784 249 4869 quod
269 4783 335 4847 dixi
356 4781 469 4845 deduci
487 4784 595 4865 potuit
611 4782 726 4865 Regin.
744 4782 837 4864 1469,
857 4782 884 4845 si
899 4781 1026 4847 Meuius
1045 4786 1131 4846 recte
1151 4804 1224 4845 eum
1244 4780 1414 4864 adscripsit
