3164 5326
472 325 521 380 Da
541 325 763 382 RATIONIBVS
782 324 968 382 EDITIONIS
986 324 1107 382 HVlVS.
1352 325 1418 389 319

166 489 223 555 sed
247 491 282 554 in
306 490 416 555 dativo
440 512 505 555 non
529 491 635 576 magis
660 512 756 575 quam
780 511 972 575 quemquam
992 489 1202 574 scriptorum3
1225 494 1258 553 et
1275 490 1419 554 ubicum-

166 619 230 682 que
253 598 287 661 in
311 596 453 698 editione
476 602 591 662 nostra
613 598 799 664 inveniatur
822 597 1082 680 monosyllabum
1108 594 1181 682 ‘ai’,
1208 595 1419 680 pronuntian—
1529 606 1531 611 ’

166 703 245 768 dum
278 701 357 783 ‘ae’‚
395 706 492 770 sicuti
528 704 608 769 illud
642 704 782 769 eiusdem
817 701 960 789 ‘puerei’
992 703 1088 786 plane
1122 703 1232 767 sonuit
1263 701 1348 766 idem
1382 724 1419 766 ac

164 808 302 895 ‘pueri'.
348 809 417 875 Nec
449 811 534 875 enim
567 809 708 875 dubitari
736 815 846 896 potest
872 810 1033 876 Lucilium
1062 809 1126 874 ‘ai'
1154 809 1357 894 diphthongo
1386 809 1419 872 in

165 918 273 1001 prima
302 918 387 982 sicut
414 915 478 982 ‘ei'
505 916 702 982 insecundo
726 940 883 983 nonesse
908 940 1002 982 usum
1024 918 1087 982 nisi
1112 917 1152 982 ad
1177 918 1286 1001 oculos
1311 917 1419 1000 legen·

164 1024 251 1088 tium
274 1025 305 1089 in
332 1024 571 1108 distinguendis
595 1025 724 1088 casibus
748 1024 890 1089 eiusdem
913 1024 1019 1088 finalis
1043 1024 1209 1090 iuvandos.

256 1129 370 1216 Neque
407 1153 487 1216 quas
524 1130 603 1195 olim
640 1130 674 1194 in
705 1129 831 1196 Lucilio
868 1130 997 1195 institui
1029 1131 1227 1196 omittendae
1259 1129 1418 1195 vocalium

166 1238 400 1321 geminationis
433 1238 590 1320 rationes,
627 1236 820 1321 ubicumque
852 1259 909 1302 eae
941 1238 1243 1315 commendarentur
1274 1237 1419 1303 codicum

166 1344 332 1429 potiorum
375 1343 582 1426 auctoritate,
620 1347 746 1407 mutare
783 1344 933 1408 sustinui.
969 1380 1007 1391 -
1042 1343 1091 1409 Ac
1123 1367 1163 1409 ne
1195 1344 1258 1409 hoc
1291 1345 1420 1429 quidem

164 1452 287 1534 poterit
319 1451 498 1535 improbari
525 1451 590 1515 nisi
619 1451 660 1514 ab
688 1451 873 1516 hominibus
903 1451 1034 1515 criticae
1061 1450 1259 1516 factitandae
1287 1451 1420 1536 ignaris.

165 1555 279 1621 Veluti
298 1558 331 1622 in
351 1579 416 1622 uno
431 1556 547 1622 Lucilii
566 1557 637 1622 loco
658 1579 756 1642 eoque
775 1558 980 1643 apertissimo
1000 1554 1034 1644 (l.
1050 1557 1161 1623 XXVI
1182 1562 1232 1623 est
1250 1558 1346 1643 frgm.
1361 1553 1419 1642 65)

166 1686 240 1728 cum
273 1663 380 1729 tribus
412 1664 492 1729 locis
520 1663 618 1729 Nonii
648 1665 775 1748 legatur
803 1686 892 1748 apere
917 1685 976 1748 pro
1004 1685 1124 1749 aggere,
1156 1668 1265 1749 potest
1292 1663 1420 1749 quidem

167 1771 289 1855 ubique
313 1793 403 1835 error
426 1770 558 1836 subesse
582 1771 797 1836 librariorum.
840 1771 995 1835 Attamen
1019 1772 1074 1856 qui
1099 1771 1179 1836 illud
1202 1791 1309 1854 aggere
1331 1791 1421 1852 prae·

166 1877 294 1963 tulerit,
326 1878 387 1942 etsi
419 1899 529 1952 rerum
556 1877 671 1943 reddat
699 1879 836 1961 auctori,
868 1882 978 1943 tamen
1005 1877 1108 1942 multo
1137 1878 1242 1963 magis
1271 1878 1312 1942 ab
1342 1876 1421 1940 artis

165 1983 293 2069 legibus
316 1985 498 2067 recesserit,
522 2005 619 2068 quam
644 1986 699 2069 qui
722 1985 892 2050 lectionem
915 1988 966 2047 ter
988 1984 1067 2052 sina
1081 1985 1147 2049 ulla
1170 1984 1293 2049 fraudis
1319 1984 1421 2068 suspi-

166 2089 261 2157 cione
298 2095 461 2156 servatam
494 2095 528 2156 et
559 2091 742 2177 rationibus
776 2090 1039 2176 orthographicis
1073 2092 1230 2176 temporis
1263 2090 1421 2156 Luciliani

166 2197 334 2282 ipsiusque
352 2197 468 2263 Lucilii
487 2217 662 2281 congruam
684 2197 870 2262 defenderit.
893 2231 929 2243 —
952 2196 1000 2261 Ac
1020 2197 1149 2282 saepius
1169 2219 1188 2261 a
1207 2198 1300 2262 nobis
1321 2198 1420 2262 moui-

166 2306 236 2368 tum
257 2326 323 2369 non
342 2326 438 2387 posse
457 2303 543 2388 exigi
563 2304 605 2368 ab
625 2304 671 2367 eis
691 2303 797 2388 quiin
815 2303 1030 2368 monumentis
1050 2304 1257 2387 ingeniorum
1277 2308 1420 2369 veterum

168 2414 342 2475 versantur
369 2409 592 2492 emendandis,
624 2414 661 2475 ut
688 2410 807 2496 ubique
834 2411 906 2495 ipsa
934 2411 1127 2495 scriptorum
1160 2412 1271 2496 verba,
1305 2411 1421 2476 nedum

167 2518 306 2602 litteras,
325 2518 500 2582 restituant
518 2516 565 2603 (id
585 2518 670 2582 enim
690 2541 730 2582 ne
750 2519 809 2583 fiat
822 2540 895 2583 oum
910 2519 1064 2583 vitiorum
1079 2518 1274 2583 traditorum
1289 2539 1421 2581 numero

168 2630 201 2689 et
233 2626 410 2709 gravitate,
441 2629 511 2689 tum
540 2629 673 2690 naturae
701 2624 862 2690 humanae
892 2628 1021 2691 vetatur
1050 2624 1269 2710 infirmitate),
1302 2624 1357 2690 sed
1385 2628 1422 2689 ut

167 2752 265 2815 quam
294 2733 466 2797 minimum
494 2731 624 2797 laedant
651 2733 732 2797 artis
762 2754 799 2797 ac
827 2734 963 2799 rationis
987 2733 1116 2797 criticae
1145 2732 1233 2817 leges
1263 2753 1299 2797 ac
1322 2733 1421 2796 talem

166 2837 308 2904 reddant
336 2839 507 2904 verborum
536 2841 737 2921 contextum,
764 2843 801 2904 ut
824 2844 971 2905 auctores
995 2838 1059 2923 ipsi
1083 2839 1109 2902 si
1134 2839 1174 2903 ab
1198 2838 1311 2903 inferis
1334 2861 1424 2903 revo-

166 2950 296 3030 centur,
326 2949 507 3033 agnoscant
533 2944 566 3008 in
595 2944 662 3009 suis
693 2945 785 3009 libris
814 2946 980 3030 propriam
1009 2946 1127 3029 ubique
1153 2945 1275 3031 ingenii
1299 2967 1422 3026 venam,

166 3053 337 3137 proprium
361 3051 551 3119 elocutionis
575 3073 625 3132 ac,
650 3051 676 3115 si
702 3052 785 3116 tanti
809 3052 969 3135 duxerint,
995 3051 1248 3136 orthographiae
1272 3052 1423 3135 colorem,

166 3158 319 3244 denique,
348 3161 375 3224 si
399 3161 513 3243 poetae
536 3157 672 3236 fuerint,
699 3160 862 3243 propriam
887 3181 992 3223 rerum
1017 3160 1224 3224 metricorum
1253 3181 1289 3224 ac
1313 3181 1423 3243 proso·

166 3265 338 3332 diacorum
361 3286 518 3330 normam.

258 3372 304 3438 Et
319 3395 414 3458 saepe
429 3371 558 3457 quidem
575 3393 591 3434 e
607 3373 798 3457 corruptelis
814 3373 959 3438 codicum
971 3373 1133 3457 antiquior
1143 3374 1249 3440 forma
1260 3373 1422 3438 scribendi

166 3485 373 3565 recuperata3
392 3481 424 3545 in
444 3500 507 3564 quo
526 3478 706 3543 notandum
726 3479 865 3544 maxime
884 3480 916 3544 in
932 3477 1004 3564 ‘ei',
1024 3481 1109 3564 quod
1126 3479 1169 3543 ‘i'
1184 3481 1300 3564 longae
1320 3481 1421 3545 vicem

166 3588 359 3672 sustineret,
396 3587 554 3651 saevitum
592 3608 611 3649 a
647 3584 800 3653 librariis.
834 3623 869 3632 -—
904 3585 971 3651 Nec
1007 3590 1117 3651 tamen
1154 3587 1422 3652 dissimulandum

167 3694 311 3759 multum
334 3695 368 3758 in
391 3694 478 3758 hisce
503 3692 697 3757 discriminis
722 3695 827 3757 inesse
851 3716 889 3758 ac
911 3693 1056 3775 periculi.
1097 3692 1180 3758 Nam
1204 3695 1238 3759 in
1261 3695 1422 3780 plerisque

166 3801 262 3867 libris
291 3803 324 3864 et
352 3801 481 3866 crebras
509 3805 541 3862 et
569 3800 723 3865 mirificas
747 3823 842 3884 saepe
867 3799 1040 3865 admodum
1063 3800 1202 3865 inveniri
1226 3803 1422 3867 mutationes

165 3907 368 3990 litterarum,
396 3928 476 3991 quas
503 3905 592 3970 nullo
622 3927 732 3970 eorum
763 3907 817 3991 qui
842 3906 1072 3990 descripserint
1095 3905 1243 3990 consilio,
1272 3908 1327 3972 sed
1352 3911 1422 3974 solo

167 4034 278 4079 errore
307 4012 357 4076 vel
385 4011 592 4097 neglegentia
622 4016 710 4077 ortas
735 4017 904 4097 appareat,
933 4034 1044 4077 omnes
1069 4013 1176 4078 sciunt
1199 4013 1254 4097 qui
1277 4015 1310 4077 in
1335 4015 1422 4079 hisce

167 4117 288 4186 studiis
312 4119 493 4184 accuratius
517 4123 593 4182 sunt
617 4120 745 4184 versati.

259 4225 394 4290 Accedit
417 4224 513 4289 aliud.
550 4223 673 4290 Notum
693 4226 812 4309 quippe
834 4225 940 4309 vulgo,
963 4247 1059 4310 quam
1080 4248 1175 4310 saepe
1196 4229 1422 4314 antiquissimo

168 4333 311 4399 sermoni
344 4332 446 4398 latino
481 4333 652 4397 conveniat
681 4354 753 4396 cum
783 4333 903 4417 agresti
932 4331 990 4395 illo
1018 4336 1051 4396 et
1077 4334 1110 4397 in
1140 4334 1320 4398 barbariem
1350 4358 1423 4399 con-

167 4463 274 4523 verso,
297 4440 351 4523 qui
376 4439 499 4504 ultimis
523 4440 652 4523 imperii
671 4438 810 4503 Romani
834 4460 871 4503 ac
891 4437 1100 4522 sequentibus
1120 4439 1257 4504 invaluit
1277 4442 1423 4506 saeculis.

168 4584 205 4597 -
233 4546 351 4629 Itaque
383 4544 537 4611 facillime
570 4546 692 4630 poterit
724 4545 864 4626 evenire,
897 4550 934 4609 ut
966 4567 1048 4629 quae
1079 4547 1218 4630 speciem
1250 4549 1422 4612 vetustatis

163 4674 317 4721 summae
344 4674 423 4736 prae
448 4674 482 4716 se
506 4652 626 4738 ferant,
654 4658 766 4718 tamen
790 4654 857 4716 sint
878 4652 1050 4717 neoterica.
1075 4688 1116 4698 -
1140 4651 1226 4716 Hinc
1249 4652 1422 4721 haesitatio

161 4759 328 4850 quaedam
352 4759 447 4824 nobis
471 4762 543 4824 orta
567 4759 800 4844 dubitatioque,
823 4759 963 4824 maxime
985 4758 1020 4822 in
1044 4760 1160 4844 spiritu
1184 4758 1251 4824 sive
1275 4761 1422 4827 addendo
