3098 5316
367 317 415 373 DE
433 317 658 376 RATIONIBVS
677 319 861 376 humonls
879 320 998 376 nvlva.
1244 320 1307 384 317

51 497 93 541 aa
117 481 230 544 tamen
254 502 335 564 quae
358 482 498 547 maxime
521 489 656 568 possent
678 485 836 568 impedire
860 485 1004 568 legentes
1026 484 1157 549 sublata
1174 485 1309 550 meliore

52 582 171 649 ordine
202 587 370 672 instituto,
405 589 490 653 sicut
522 589 644 655 factum
677 592 711 655 in
742 591 939 656 editionibus
972 589 1172 656 Memoriana
1204 592 1309 656 altera

50 689 220 774 prioribus
244 697 277 757 et
299 694 336 758 in
354 694 614 771 Quicheratiana
652 697 681 762 A
703 719 766 782 qua
785 719 900 762 norma
918 697 1022 762 sicubi
1041 699 1182 783 discessi,
1201 702 1308 763 certae

51 799 89 860 et
110 798 302 884 plerumque
325 801 516 885 perspicuae
539 802 671 867 adfuere
695 825 819 868 causae.
839 840 882 850 -
906 802 994 879 Quae
1018 804 1051 868 in
1075 809 1174 888 caput
1197 826 1308 869 secun·

49 902 132 969 dum
165 927 203 970 ex
235 908 347 991 tertio,
385 929 423 973 ex
456 909 596 975 secundo
628 910 662 974 in
695 911 841 986 tertium,
879 909 912 974 in
945 911 1118 994 septimum
1151 933 1189 975 ex
1222 932 1307 976 nono

48 1010 254 1096 irrepserant
275 1013 332 1099 (cf.
354 1036 408 1101 pg.
434 1015 511 1080 711.
539 1015 785 1100 ‘autumnitas'3
815 1016 880 1080 219
909 1014 1067 1104 ‘pigror'';
1094 1019 1158 1084 481
1188 1023 1264 1102 post
1287 1019 1308 1083 l.

49 1116 340 1206 ‘emungerentur'
362 1121 497 1210 posita),
526 1122 620 1210 haec,
649 1146 689 1189 nc
711 1123 810 1190 nimis
834 1124 1020 1189 turbaretur
1043 1124 1122 1190 ordo
1145 1125 1309 1209 vulgatus,

47 1227 121 1292 suis
146 1229 274 1294 servavi
297 1230 391 1312 locis,
414 1233 585 1295 contentus
609 1230 823 1316 significasse,
845 1230 902 1294 ubi
926 1230 1004 1295 olim
1027 1231 1165 1298 fuissent
1191 1234 1308 1318 posita

143 1335 189 1401 In
224 1337 458 1423 glosematis
495 1359 591 1420 quae
628 1337 753 1422 ipsius
786 1334 904 1401 Nonii
941 1338 1061 1403 verba
1097 1339 1308 1404 turbarunt

46 1439 274 1509 recidendis
303 1442 477 1527 aliquando
506 1444 616 1509 nescio
640 1465 682 1509 an
704 1444 820 1509 fuerim
844 1443 980 1527 parcior.
1026 1443 1116 1521 Quae
1138 1445 1197 1510 ubi
1220 1445 1307 1509 vide-

45 1549 167 1613 rentur
184 1570 290 1635 neque
309 1554 405 1616 certis
423 1551 527 1615 teneri
546 1551 672 1615 indiciis
692 1550 815 1615 fraudis
835 1555 868 1616 et
886 1550 1020 1615 tolerari
1039 1572 1136 1634 posse
1154 1551 1241 1616 haud
1260 1552 1307 1616 ita

44 1652 269 1741 incommode,
296 1656 348 1721 bis
371 1660 460 1720 terve
484 1657 582 1722 malui
607 1656 769 1721 abstinere
793 1678 812 1720 a
834 1656 1024 1741 temptando
1048 1679 1183 1741 corpore
1208 1680 1307 1743 quau·

44 1760 175 1827 tumvis
198 1762 265 1827 vili.

143 1867 290 1954 Denique
303 1871 360 1936 ubi
376 1870 459 1935 liber
470 1869 569 1935 Nonii
584 1872 752 1955 graviores
767 1869 918 1935 remediis
933 1871 1133 1936 contraxisse
1144 1870 1307 1936 videretur

44 1972 160 2058 labes,
183 1976 353 2062 archetypi
375 1975 534 2060 Noniani,
557 1978 686 2062 qualem
710 1975 760 2040 111
783 1998 852 2061 cap.
876 1976 1044 2062 descripsi,
1067 1978 1306 2061 repraesentavi

43 2083 206 2165 speeiem,
235 2089 269 2150 et
296 2084 425 2169 quidem
454 2084 555 2148 talem
583 2084 663 2169 sere,
691 2084 798 2169 qualis
826 2087 877 2148 est
904 2105 1057 2168 expressa
1086 2084 1194 2149 codice
1222 2083 1306 2148 Har-

43 2185 163 2254 leiano
186 2190 238 2254 vel
256 2189 474 2276 Lugdunensi,
497 2189 608 2256 addito
631 2191 819 2275 plerumque
843 2191 945 2256 crucis
965 2192 1068 2276 signo.
1106 2192 1177 2268 Quo
1197 2195 1306 2255 tamen

41 2293 152 2358 etiam
176 2318 288 2363 sumus
307 2296 358 2361 usi
377 2319 629 2383 nonnumquam,
651 2297 707 2362 ubi
725 2319 791 2362 non
811 2297 925 2361 vitium
945 2297 1088 2363 humana
1107 2320 1183 2363 cura
1203 2299 1306 2363 maius

41 2399 262 2488 indicaretur,
290 2404 346 2469 aed
374 2405 611 2489 significaretur
638 2406 837 2470 accuratiore
864 2404 971 2469 locum
1002 2405 1035 2469 in
1063 2405 1306 2470 commentariis

42 2509 186 2573 tractmi
210 2511 439 2596 disputatione.

140 2615 184 2681 In
207 2616 493 2704 orthographia
517 2619 790 2684 constituenda
810 2618 948 2702 primum
967 2617 1048 2682 illud
1069 2619 1304 2703 anquirendum

40 2719 127 2806 fuit,
154 2745 232 2789 num
259 2722 330 2809 ipse
353 2722 481 2789 Nouius
511 2726 544 2790 in
573 2728 741 2790 auctorum
768 2723 924 2808 exemplis
949 2724 1168 2789 memorandis
1192 2725 1303 2790 eodem

40 2824 169 2913 ubique
193 2830 352 2896 scribendi
372 2851 489 2915 genere
509 2835 596 2895 esset
614 2852 702 2896 usus.
740 2829 893 2906 Quicum
915 2830 966 2894 vix
986 2831 1160 2916 quidquam
1181 2831 1305 2916 proprii

42 2933 187 3021 habeat,
217 2936 274 3003 sed
306 2937 447 3021 undique
480 2959 517 3001 ex
551 2935 840 3023 grammaticorum
872 2935 1023 3021 decerpta
1053 2940 1304 3022 commentariis,

41 3045 81 3106 et
109 3043 241 3126 quidem
269 3043 476 3109 illiberaliter
506 3066 543 3109 ac
567 3044 692 3129 putide,
719 3041 912 3126 ubicumque
935 3042 1042 3108 fontes
1066 3045 1304 3130 discrepabant,

42 3152 81 3214 at
110 3147 220 3235 ipsum
250 3151 391 3215 variasse
420 3152 614 3236 scripturam
643 3149 814 3214 verborum
842 3150 974 3213 minime
1002 3151 1216 3237 improbabile
1244 3156 1304 3237 est,

40 3259 84 3321 ut
111 3256 169 3339 qui
197 3256 295 3343 longe
324 3257 529 3343 gravioribus
557 3254 747 3320 differentiis
776 3256 1014 3339 patientissime
1041 3258 1147 3323 locum
1171 3258 1303 3324 dederit

43 3360 159 3447 Atque
181 3361 277 3428 huius
299 3363 348 3431 rei
371 3363 597 3428 documentum
623 3367 713 3427 extat
736 3384 845 3446 unum,
868 3362 923 3426 sed
943 3364 1179 3448 gravissimum.
1217 3365 1302 3431 Nam

40 3488 121 3534 curn
144 3467 271 3535 Nonius
299 3471 386 3535 inter
413 3492 468 3536 eos
497 3469 727 3556 grammaticos
751 3474 849 3553 esset,
878 3469 933 3552 qni
955 3491 1016 3535 nec
1038 3471 1058 3536 k
1080 3494 1140 3537 nec
1162 3494 1181 3555 q
1204 3494 1302 3559 agno

42 3579 178 3640 acerent
210 3598 383 3661 consonas,
416 3578 471 3642 sed
500 3600 559 3661 pro
588 3577 635 3641 eis
665 3575 782 3659 ubique
811 3582 1003 3659 reponerent
1028 3599 1057 3661 c,
1084 3580 1302 3666 scriberetque

42 3681 251 3766 calendae,
273 3685 396 3766 cuius,
419 3684 628 3767 cuerellae,
656 3682 764 3765 potuit
787 3681 916 3766 quidem
938 3683 1145 3751 librariorum
1168 3687 1301 3752 libidine

42 3790 178 3855 evenire
200 3795 238 3855 ut
259 3812 275 3855 c
297 3813 356 3876 pro
380 3813 399 3874 q
425 3792 549 3875 positae
573 3789 627 3855 vix
651 3788 750 3853 semel
774 3788 864 3854 bisve
887 3789 920 3853 in
943 3791 1046 3875 ipsius
1065 3791 1163 3860 Nonii
1185 3795 1303 3879 verbis,

41 3916 226 3984 numquam
255 3898 336 3963 alias
365 3902 511 3964 maneret
538 3897 725 3981 vestigium,
760 3896 814 3960 sed
843 3897 948 3981 magis
978 3898 1105 3964 videtur
1132 3901 1300 3986 aliquanto

42 4003 220 4089 probabile
243 4006 411 4090 vulgarem
435 4003 596 4071 scribendi
621 4024 741 4067 morem
767 4002 807 4065 ab
831 4002 887 4066 illo
911 4004 1060 4070 relictum
1083 4007 1117 4070 in
1136 4009 1300 4094 exemplis,

41 4130 131 4196 quae
167 4110 287 4197 adfert,
322 4111 463 4177 fortasse
500 4112 597 4177 etiam
635 4109 669 4173 in
703 4110 1002 4196 grammaticorum,
1039 4113 1154 4197 quibus
1187 4116 1300 4201 utitur,

40 4217 164 4282 verbis.
209 4217 324 4304 Itaque
356 4240 416 4306 ego
444 4240 460 4285 c
491 4242 550 4303 pro
577 4240 597 4300 q
628 4219 757 4280 tantum
791 4215 836 4281 ibi
869 4218 945 4282 duxi
978 4221 1210 4306 reponendam,
1243 4224 1298 4288 ubi

40 4323 170 4389 ordinis
194 4324 391 4409 alphabetici
415 4327 467 4391 lex
489 4325 521 4391 id
546 4322 731 4408 flagitabat3
754 4323 879 4409 reliqua
900 4326 1073 4391 immutare
1095 4330 1196 4394 nolui.

135 4428 287 4496 Ceterum
319 4433 492 4498 subtiliora
524 4430 711 4497 discrimina
743 4430 909 4515 pleraque,
942 4453 1023 4516 quae
1056 4435 1187 4502 fuerunt
1213 4438 1299 4503 inter

37 4533 147 4603 Nonii
177 4560 299 4604 morem
327 4540 488 4605 scribendi
517 4545 549 4604 et
577 4559 689 4604 eorum
717 4557 798 4620 quos
827 4538 982 4621 compilat
1010 4543 1297 4626 grammaticorum

35 4649 279 4730 numerumque
308 4647 362 4731 qui
387 4647 504 4717 abhis
528 4648 681 4728 citantur,
703 4647 779 4726 post
801 4648 851 4708 tot
875 4647 1002 4710 saecula
1024 4652 1208 4714 restaurare
1231 4652 1297 4715 iam

33 4772 107 4819 non
132 4751 221 4839 licat,
244 4759 377 4838 excepto
396 4755 483 4841 quod
502 4757 535 4820 in
554 4755 670 4826 Lucilii
689 4752 857 4835 excerptis,
880 4752 997 4837 quibus
1017 4776 1093 4819 usus
1113 4754 1179 4842 ille,
1200 4757 1296 4843 plura
