3098 5316
349 355 397 409 DE
417 353 674 410 COMl'ENDIOSA
701 352 884 408 DOCTRINA
904 351 1014 406 NONll.
1250 350 1311 411 ‘251

55 518 119 583 hoc
151 519 296 583 studium
326 524 358 582 et
381 519 541 582 intentum
565 516 740 582 Frontonis
765 517 973 598 alletoritatc,
996 515 1183 600 qui‘gratia
1206 515 1316 578 floruit
1431 546 1434 551 ⁴

57 626 204 690 maxima
231 626 385 690 Antonini
411 625 458 688 Pii
483 628 516 688 ct
538 623 581 688 M.
608 622 740 687 Aurelii.
787 622 866 686 Eius
891 624 936 686 rei
960 623 1142 706 exemplum
1169 623 1251 685 exile
1274 624 1316 702 et,

58 736 96 797 ut
118 733 227 798 dicam
250 733 336 817 quod
361 733 482 815 sentio,
505 731 654 817 putidum
679 731 780 815 ipsius
806 729 991 809 Frontonis,
1016 731 1184 814 aliquanto
1209 729 1314 792 minus

58 838 224 904 illiberale
247 837 347 904 Gellii
371 839 492 921 scripta
514 838 681 920 praebent.

149 945 232 1010 'lum
263 946 364 1031 igitur
387 945 536 1030 provenit
559 945 674 1028 ingens
697 966 849 1008 numerus
874 944 1175 1028 grammaticorum,
1201 944 1254 1027 qui
1279 945 1313 1006 iu

42 1053 190 1136 'legibus
228 1054 387 1118 sermonis
424 1053 519 1116 latini
552 1051 703 1117 docendis
736 1051 841 1134 primo
874 1053 946 1116 loco
979 1056 1136 1136 ponerent
1169 1056 1315 1115 auctores

58 1157 219 1225 Cicerone
252 1158 468 1243 antiquiores,
505 1157 623 1242 quibus
656 1157 811 1222 adderent
844 1181 959 1223 aureae
992 1159 1164 1242 scriptores
1198 1158 1317 1221 aetatis

58 1288 186 1349 paucos
205 1288 322 1349 eosque
341 1275 429 1331 certa
449 1265 576 1330 ratione
594 1265 745 1350 delectos,
764 1272 945 1350 argenteae,
964 1287 1046 1349 quae
1064 1265 1137 1328 iude
1151 1287 1171 1328 a
1185 1264 1314 1327 Tiberio

54 1373 124 1438 fuit
149 1373 191 1437 ad
215 1373 399 1457 Traianum,
422 1372 539 1438 nullos.

152 1479 201 1544 Ac
224 1481 364 1563 primum
389 1479 519 1562 quidem
544 1479 583 1543 de
606 1479 711 1563 poetis
737 1479 912 1545 videamus.

152 1585 204 1650 Ex
223 1586 273 1650 his
294 1586 468 1669 antiquarii
488 1608 569 1668 quos
589 1586 746 1668 compilat
760 1586 888 1651 Nonius
907 1587 993 1651 haud
1012 1587 1110 1651 dubia
1125 1587 1316 1650 auctoritate

53 1693 236 1759 voluerunt
260 1714 331 1758 esse
353 1715 466 1756 omnes
490 1693 545 1777 qui
571 1693 611 1756 ad
635 1692 732 1757 Marii
757 1698 790 1758 et
814 1693 921 1759 Sullae
950 1694 1082 1758 fuerunt
1104 1699 1246 1776 tempus,
1270 1694 1317 1756 ita

54 1801 192 1886 quidem
228 1805 263 1865 ut
296 1820 412 1884 agmen
446 1800 633 1863 clauderent
666 1800 807 1865 Lucilius
842 1801 1022 1884 Acciusque
1055 1805 1088 1864 et
1121 1800 1316 1884 Pomponius

53 1928 133 1971 cum
164 1904 279 1971 Novio.
325 1908 371 1970 At
401 1929 439 1970 ex
472 1907 717 1991 insequentibus
747 1908 931 1993 paucissimi
960 1908 1072 1971 eodem
1102 1909 1171 1972 loco
1200 1907 1316 1972 habiti:

55 2012 230 2097 Laberius,
249 2014 304 2097 qui
318 2016 463 2078 ueterum
479 2015 598 2097 premit
612 2016 793 2098 exemplum
809 2015 1014 2098 comicorum,
1030 2013 1205 2096 Lucretius,
1219 2014 1315 2078 Ennii

55 2126 94 2185 at
118 2119 237 2185 Lucilii
262 2124 403 2185 sectator
422 2118 584 2204 (Ciceroni
609 2121 695 2184 mala
714 2122 892 2186 carminum
912 2122 999 2185 fama
1018 2122 1145 2185 videtur
1164 2120 1318 2205 offuissc),

55 2226 204 2312 denique
227 2225 408 2311 Vergilius,
435 2249 500 2291 non
530 2226 625 2291 modo
653 2232 786 2311 propter
809 2231 935 2292 tantam
960 2229 1102 2293 nominis
1127 2229 1319 2308 claritatem,

56 2333 118 2399 sed
143 2356 209 2398 non
233 2335 339 2398 minus
364 2334 447 2418 quod
472 2338 505 2398 et
527 2335 597 2418 ipse
621 2339 707 2398 esset
731 2336 934 2419 antiquitatis
959 2337 1210 2400 amantissimus.

153 2439 279 2506 Contra
306 2447 454 2507 cantores
476 2439 711 2524 Euphorionis,
738 2443 792 2525 qui
816 2446 891 2526 post
915 2440 1025 2507 Sullae
1048 2447 1185 2507 mortem
1210 2465 1338 2526 asper·v

56 2549 133 2614 uati
165 2548 272 2632 palam
302 2549 543 2613 vetustissimos
572 2552 605 2612 et
629 2550 920 2615 Alexandrinorum
948 2550 1070 2635 placita
1093 2551 1194 2614 secuti
1218 2572 1318 2614 novas

56 2676 219 2741 aperuere
251 2657 320 2720 vias
353 2656 442 2739 poesi
476 2655 598 2719 latinae
631 2656 867 2740 transitumque
900 2657 1044 2721 muniere
1073 2657 1112 2720 ad
1143 2658 1318 2739 scriptores

59 2762 218 2848 Augusto
247 2765 411 2847 aequales,
435 2762 626 2846 antiquariis
650 2783 716 2825 non
739 2763 969 2846 probabantur.
1015 2763 1108 2827 Vnde
1131 2763 1166 2827 hi
1189 2769 1222 2827 et
1246 2786 1318 2826 raro

61 2871 241 2936 memorati
265 2875 297 2934 et
315 2872 503 2955 plerumque
523 2891 637 2951 parum
656 2869 841 2934 honorifice.
879 2870 930 2935 Ita
949 2870 1064 2955 Varro,
1087 2872 1137 2934 cui
1157 2870 1198 2934 ab
1219 2872 1318 2935 Atace

57 2996 261 3061 cognomen,
289 3000 308 3041 a
331 2975 439 3041 Nonio
468 2979 587 3041 citatur
615 2978 730 3059 semel,
757 2979 856 3042 semel
885 2976 1068 3061 Memmius,
1097 2982 1146 3041 ter
1175 2976 1318 3056 Mattius,

57 3083 114 3148 bis
139 3083 190 3148 vel
212 3088 263 3149 ter
286 3081 404 3163 Cinna,
433 3083 483 3147 bis
507 3081 637 3165 Calvus,
664 3084 833 3169 quinquies
858 3085 1021 3166 Catullus,
1045 3107 1155 3149 eorum
1179 3085 1318 3149 celeber-

41 3190 178 3266 ,rimus
228 3191 335 3274 Atque
374 3190 489 3254 horum
521 3213 597 3273 pars
632 3191 776 3256 locorum
809 3216 826 3257 e
860 3192 957 3256 Gellii
990 3192 1082 3257 libris
1115 3193 1232 3276 petita,
1264 3193 1317 3277 qui

21 3330 29 3347 s
57 3301 100 3363 ut
131 3319 234 3381 supra
266 3296 331 3360 dixi
365 3296 470 3359 minus
503 3318 633 3360 moroso
662 3298 695 3360 in
724 3299 893 3363 afferendis
923 3300 1139 3382 scriptoribus
1168 3301 1319 3363 utebatur

58 3402 198 3469 iudicio.
216 3438 252 3449 -
271 3401 370 3467 Porro
385 3401 531 3468 Catullus
547 3425 619 3467 curn
635 3403 736 3469 Calvo
756 3409 788 3469 et
803 3404 940 3471 Caesare
961 3412 1094 3490 propter
1112 3407 1317 3471 vacillantem

56 3511 173 3577 notati
197 3511 422 3575 auctoritatem
447 3507 515 3594 (pg.
543 3509 630 3595 198).
669 3510 758 3576 ldcur
782 3512 936 3578 Memmio
960 3515 1082 3598 obtigit
1106 3512 1210 3598 (194),
1234 3514 1318 3576 idem

59 3616 187 3685 Mattio
209 3613 316 3702 (193).

156 3725 202 3789 At
229 3723 385 3788 Reatinus
414 3725 518 3789 Varro
552 3747 747 3809 quamquam
780 3734 813 3790 et
845 3730 913 3810 ipse
941 3729 1019 3794 locis
1048 3727 1160 3792 multis
1188 3731 1317 3791 secutus

58 3838 116 3898 est
142 3832 259 3896 horum
282 3836 453 3914 poetarum
478 3832 634 3914 rationes,
657 3838 768 3898 tamen
792 3840 926 3919 propter
949 3839 1091 3917 tantum,
1119 3835 1204 3918 quod
1228 3835 1317 3898 etin

59 3938 266 4007 carminibus
289 3940 357 4003 eius
383 3943 556 4022 comparet,
582 3941 753 4004 vetustatis
777 3941 920 4006 studium
944 3943 1034 4007 nulla
1057 3942 1221 4006 districtus
1240 3946 1318 4006 nota

59 4068 123 4113 nec
151 4045 259 4130 magis
285 4044 435 4128 Laevius,
464 4067 557 4127 quern
586 4046 729 4112 eiusdem
757 4071 828 4113 esse
858 4051 975 4114 aetatis
1004 4049 1081 4113 olim
1107 4048 1243 4113 anobis
1267 4051 1318 4111 est

61 4152 324 4218 demonstratum
343 4149 397 4235 (de
416 4174 451 4215 re
471 4174 512 4215 m.
528 4149 593 4234 75),
613 4175 685 4217 cum
705 4160 739 4218 et
752 4158 821 4240 ipse
836 4156 1132 4240 antiquissimorum
1149 4161 1316 4219 auctorum

62 4258 206 4346 quadarn
230 4263 396 4322 teneretur
421 4259 642 4343 observantia,
670 4283 746 4325 usus
771 4263 883 4326 metris
907 4263 1055 4327 iambicis
1081 4265 1114 4325 et
1135 4261 1318 4343 trochaicis,

65 4388 205 4451 quorum
231 4365 383 4429 omnibus
406 4366 552 4449 partibus
576 4373 705 4450 praeter
728 4370 874 4434 ultimam
899 4369 1123 4434 admitteretur
1147 4369 1317 4452 spondeus.

64 4471 109 4539 ut
129 4472 185 4537 hic
209 4471 339 4556 quidem
363 4473 483 4537 citatus
507 4474 636 4558 septies.

154 4577 231 4644 Non
259 4579 366 4643 minus
395 4602 490 4664 quam
516 4578 664 4645 Catullus
693 4604 763 4646 cum
788 4585 853 4647 suis
877 4583 1021 4648 damnati
1046 4606 1065 4648 a
1088 4583 1318 4648 Frontonianis

68 4685 134 4783 rire
156 4685 297 4751 raritate
315 4686 435 4750 citandi
455 4687 521 4750 sive
541 4693 657 4770 arguto
678 4689 815 4772 quodam
837 4691 967 4755 silentio
987 4691 1214 4755 celeberrimus
1233 4691 1318 4776 quis·

70 4814 127 4881 que
150 4796 251 4879 poeta
273 4794 429 4878 temporis
453 4794 613 4878 Augustei
637 4800 780 4880 excepto,
804 4804 839 4862 ut
862 4799 1050 4881 memoravi,
1074 4797 1230 4883 Vergilio.
