3098 5316
265 345 308 408 20
700 345 837 401 NONIVS
857 343 1074 401 MARCELLVS

263 439 292 476 η.
309 437 334 476 ra
348 436 379 476 Μ,

261 509 445 594 commod03
477 510 573 576 sicuti
607 513 660 595 qui
694 534 778 576 nunc
811 516 861 575 est
894 511 927 574 in
956 533 1083 575 summa
1111 510 1250 593 laetitia,
1283 511 1417 575 vivere
1445 529 1523 573 eum

261 616 408 683 dicimus.
454 615 604 682 Naevius·
622 617 785 703 Lycurgo:
811 659 814 663 Δ

419 744 455 814 ut·
469 742 497 793 in
517 742 619 795 venatu
638 739 785 794 vitalautis
805 741 839 793 ex
858 740 915 793 suis

418 820 488 874 lucis
507 837 558 891 nos
577 821 694 875 mittant
713 820 810 889 poenis
829 819 967 875 laceratas
988 819 1063 877 ieris.

347 946 520 995 Ennomus
553 926 671 994 dicitur
704 936 796 996 extra
827 936 949 995 terraru
978 929 1026 994 vel
1056 935 1146 995 extra
1174 931 1342 995 terminos.
1395 927 1521 993 Accius

257 1034 438 1120 Eurysace:

418 1162 490 1214 minc
509 1177 559 1229 per
577 1161 666 1214 terras
684 1162 787 1227 virgus,
806 1160 936 1227 extorris,
957 1161 1043 1228 ragno
1062 1160 1239 1228 exturbatus,
1259 1163 1336 1215 marl.

346 1267 513 1354 Turpilius
537 1267 695 1334 Lemniis:

790 1358 879 1424 neque
898 1356 998 1410 dirrare
1017 1359 1175 1425 lidssumua

348 1543 523 1611 Sallustius
537 1546 581 1624 ¹in
606 1544 776 1631 Iugurtino
800 1547 900 1610 belle:
928 1547 1021 1611 sicuti
1051 1546 1182 1629 videtis,
1208 1551 1370 1612 extorrem
1395 1546 1521 1630 patria,

260 1651 370 1734 domo,
398 1652 526 1736 inopem
555 1657 588 1718 et
610 1657 797 1736 coopertum
823 1654 960 1717 miseriis
984 1648 1000 1741 ΙΙ
1024 1654 1144 1718 eelecit.
1170 1691 1211 1699 -
1235 1653 1408 1739 Vergilius
1437 1652 1521 1717 Aen.

259 1758 314 1822 lib.
339 1757 417 1823 llll:

419 1863 520 1917 linibus
538 1864 670 1931 extorris,
689 1866 840 1935 conspeetu
859 1863 973 1919 avulsus
993 1862 1054 1920 lali.

347 1991 465 2038 anons
490 1973 653 2058 signifieat
676 1975 826 2059 explaua3
851 1977 883 2038 et
907 1995 989 2057 qnae
1012 1975 1057 2038 sit
1079 1975 1276 2059 proprietas,
1300 1973 1521 2039 manifestum

259 2084 321 2162 est,
345 2079 407 2144 lree
429 2084 494 2164 est,
516 2080 610 2145 nodis
634 2082 773 2146 exsolve.
816 2080 933 2145 Accius
957 2079 1135 2165 Eurysace:

416 2206 447 2257 tu
466 2202 517 2257 aba
536 2205 565 2257 te
584 2204 657 2271 quod
678 2220 783 2271 quaero
802 2203 892 2256 cudda
910 2206 939 2255 ct
957 2203 1021 2270 quei
1040 2201 1078 2256 sis
1097 2203 1213 2273 explica.

346 2313 430 2378 idem
454 2312 689 2398 Alphesiboea:

416 2435 484 2502 quid
503 2433 561 2490 itu?
588 2436 683 2488 marne
702 2436 820 2487 obscure
839 2434 974 2488 dictumst
992 2435 1086 2488 tiimve
1106 2434 1302 2489 inenodabile?

345 2544 473 2609 Ennius
497 2544 655 2629 Telepho:

628 2659 723 2713 vdnun
742 2673 860 2727 epiorum
879 2657 960 2711 liberi
978 2657 1036 2711 letb
1055 2656 1114 2711 dati

416 2741 483 2793 erint
501 2739 529 2792 in
548 2738 637 2806 belle,
655 2742 710 2792 aba
730 2738 859 2793 lubenter
878 2738 946 2794 haec
965 2737 1080 2792 enodari
1098 2738 1225 2793 aridiunt.
1531 2740 1545 2791 1

348 2886 376 2934 17
402 2881 525 2936 Naevius
546 2880 674 2951 Lycurgo
692 2882 726 2935 Xl
747 2885 809 2951 1120
834 2881 931 2934 Accius
954 2879 1091 2948 Eurysace
1108 2884 1119 2949 l
1136 2887 1171 2935 23
1195 2879 1337 2949 Turpilius
1357 2879 1489 2934 Lemniis
1506 2880 1517 2953 ΙΙ

255 2968 289 3014 26
311 2968 351 3029 1⁴,
371 2969 398 3015 11
416 2965 426 3032 l
444 2967 477 3015 Ἡ
498 2960 545 3026 IV,
561 2964 636 3031 61⁶ss
654 2968 671 3014 4
690 2961 791 3015 Accius
806 2960 968 3029 Eurysace!
986 2968 1002 3015 6
1023 2959 1121 3015 Accius
1136 2959 1326 3029 Alphesiboea
1339 2963 1380 3029 ΕΒ
1401 2959 1516 3014 Ennius

255 3042 391 3110 Telepho.

345 3184 379 3238 la
401 3184 505 3239 Nerius
519 3185 555 3252 L,
574 3185 612 3239 ΙΙ.
632 3215 665 3224 -
686 3184 723 3237 ro
742 3184 811 3239 lueis
827 3183 888 3250 Ma·
907 3182 975 3238 loeis
994 3184 1054 3238 cdd.
1070 3215 1103 3224 —
1123 3184 1262 3237 lacerates
1277 3184 1315 3238 M
1318 3205 1328 3250 ,·
1346 3185 1382 3252 es.
1403 3184 1516 3240 Parus.

253 3281 297 3332 pp.
319 3269 372 3318 179
391 3281 411 3319 s.
430 3282 454 3319 e.
474 3266 564 3332 tortia
583 3264 730 3320 decoratus
750 3264 785 3331 11,
804 3264 856 3333 11„
876 3263 910 3329 (ι’,
930 3263 1067 3318 decoratis
1086 3264 1137 3334 ΙΙΙ.
1158 3295 1191 3303 -
1210 3263 1248 3318 22
1268 3264 1401 3332 extorris,
1422 3282 1518 3335 regno

254 3344 419 3398 exturbatus
451 3346 546 3414 petias
572 3363 655 3416 qaam
683 3344 800 3400 extorris
834 3360 932 3413 regno,
965 3343 1129 3399 exturbatus
1157 3345 1298 3414 eamcam
1324 3344 1419 3399 Nonii
1447 3346 1515 3399 lem·

252 3432 323 3480 mate
339 3427 371 3493 fit
385 3427 536 3496 probabile.
557 3457 589 3466 —
609 3433 723 3482 ceteram
741 3426 824 3490 ηιαῖε,
843 3430 874 3477 at
888 3430 973 3493 pato,
992 3424 1064 3479 A'cal.
1084 3425 1241 3493 olieeqacate
1259 3424 1427 3479 Hermanno
1445 3424 1517 3481 haec

252 3508 410 3577 anapaestis
432 3508 592 3575 dispescuit,
615 3523 729 3576 pueram
753 3506 835 3574 prior
856 3505 984 3571 finiretur
1006 3522 1029 3557 a.
1054 3503 1180 3559 extorris.
1205 3536 1240 3543 -
1262 3510 1332 3559 certe
1354 3506 1410 3560 illa
1433 3506 1517 3560 baud

250 3587 333 3641 (labie
350 3588 544 3655 anapaestico,
561 3603 632 3656 qaae
649 3588 777 3655 leputatur
797 3590 850 3639 193
868 3601 889 3639 s.
908 3602 931 3638 v.
951 3584 1124 3651 anfractum,
1143 3602 1199 3639 aera
1214 3592 1327 3654 potuere
1344 3602 1404 3640 aaa
1422 3586 1514 3641 inter·

251 3667 324 3719 vallo
333 3668 437 3721 ‹tistare
446 3667 567 3735 toapierc
575 3666 610 3720 ab
620 3667 668 3733 eis,
682 3666 895 3734 paacbabeatar
904 3665 928 3718 b.
940 3666 957 3718 l.
971 3696 1000 3702 —
1014 3664 1095 3729 mari3
1112 3667 1311 3737 sequebaiarat
1327 3671 1399 3735 pato
1408 3666 1512 3721 iactor.
1545 3734 1548 3739 Ι

250 3748 305 3811 fait
328 3747 377 3816 qai
399 3747 484 3802 eonio.
508 3745 591 3813 mori,
616 3747 662 3801 cai
683 3747 832 3800 atbieetam
855 3751 919 3800 earet
941 3750 1009 3814 opto
1033 3745 1073 3798 ael
1095 3746 1190 3798 amite.
1211 3777 1243 3785 -—
1263 3745 1301 3799 28
1324 3746 1451 3800 Lemnns
1475 3746 1513 3815 n,

253 3825 288 3877 11.
305 3858 338 3866 -
354 3826 393 3880 Ἠ
411 3844 558 3896 possumus
574 3827 619 3893 M,
639 3831 756 3894 possunt
769 3828 828 3881 cdd.
845 3859 877 3866 -
894 3825 931 3880 aa
950 3825 1101 3879 insolentia
1119 3825 1248 3879 Maelius.
1271 3856 1304 3866 -
1330 3842 1362 3879 ac
1376 3827 1511 3895 Bottiaia,

250 3907 334 3975 atque
352 3907 412 3961 cdd.
431 3938 465 3946 —
485 3907 523 3960 ‘dt
542 3905 706 3974 Iugurthino
725 3907 802 3971 cdd.;
819 3909 866 3961 aad
884 3908 916 3961 ia
929 3907 956 3960 L
975 3907 992 3960 h
1011 3923 1045 3960 m.
1062 3912 1076 3958 1
1096 3907 1136 3960 eet
1154 3912 1173 3960 2
1192 3922 1279 3975 capra
1297 3907 1361 3960 add.
1378 3938 1410 3946 -
1433 3905 1512 3961 sient
1548 3907 1549 3912 ’

248 3987 338 4052 satur
355 4005 401 4057 ap.
420 3987 489 4041 Sall.
511 4020 541 4026 -
562 3987 597 4041 ‘27
619 3987 720 4041 coiecit
739 3988 776 4040 M
780 4009 790 4052 ,·
808 3990 837 4040 et
855 3986 923 4040 lecit
940 3986 975 4052 L,
996 3986 1048 4055 H„
1067 3986 1160 4040 etleeit
1179 3986 1232 4056 11„
1253 3984 1286 4040 (ἰ.
1308 4018 1340 4025 -
1361 3988 1442 4042 Aeno
1459 3985 1509 4059 L„
1542 4006 1545 4011 ·

251 4067 381 4122 Aeneidis
396 4069 446 4140 L„
465 4069 505 4135 ΙΙ,
524 4068 664 4122 Aeneidos
684 4069 724 4122 ed.
739 4068 807 4122 Bas.
828 4098 860 4107 —
880 4067 898 4121 2
917 4067 1054 4136 conplexu
1074 4083 1117 4122 av.
1138 4066 1215 4135 l'crp.
1233 4098 1264 4105 -
1284 4065 1302 4119 8
1322 4065 1445 4135 explana
1459 4068 1507 4138 L‚.

249 4177 282 4186 -
302 4148 321 4201 4
338 4149 452 4203 exsolvo
471 4149 526 4218 ΒΗ·
544 4149 595 4202 illa
612 4149 666 4201 hoe
687 4180 718 4186 -
739 4148 852 4201 exsolve
870 4148 891 4213 s.
909 4149 1034 4216 alasenza.
1055 4177 1089 4186 -
1108 4145 1240 4200 Eurisace
1254 4144 1288 4199 L.
1311 4176 1344 4185 —
1364 4147 1383 4201 b
1401 4150 1436 4201 tn
1455 4147 1509 4203 aba

248 4231 276 4281 tc
300 4229 372 4296 <laed
398 4245 504 4298 quaero
523 4229 615 4283 enoda
634 4229 681 4294 Μ,·
703 4232 735 4282 tu
754 4231 848 4282 autem
868 4227 943 4296 qnod
962 4243 1066 4295 quaere
1085 4226 1176 4280 enoda
1194 4229 1291 4295 (quero
1310 4224 1397 4281 iuoda
1417 4245 1455 4282 aa.
1474 4232 1504 4299 1)

248 4307 290 4372 L;
313 4313 344 4363 tu
362 4314 455 4364 autem
474 4328 500 4377 q.
520 4328 546 4377 q.
567 4310 618 4362 abs
638 4311 666 4362 te
686 4307 777 4362 enoda
795 4308 840 4374 ΙΙ,
861 4307 894 4362 G.
932 4314 1048 4376 apparet
1067 4307 1117 4360 abs
1136 4309 1164 4359 te
1183 4307 1254 4360 nibil
1272 4322 1327 4360 esse
1344 4308 1403 4361 aiei
1422 4309 1508 4363 aare·

246 4391 405 4459 propitiam,
433 4407 515 4458 qaam
537 4396 649 4453 vocant,
673 4390 751 4443 illias
773 4391 880 4455 autem,
908 4388 980 4457 qaod
1002 4389 1067 4442 olim
1089 4387 1146 4453 fait
1169 4390 1262 4453 ariste,
1287 4387 1398 4455 ideoque
1422 4389 1457 4442 ia
1480 4389 1509 4445 L

246 4473 385 4536 ciuissam,
404 4471 431 4524 in
447 4470 482 4537 G,
501 4470 533 4523 ll
550 4472 693 4525 traiectum
711 4471 742 4523 ia
761 4471 848 4524 lecum
867 4469 994 4523 elicitam.
1015 4498 1047 4506 —
1067 4483 1122 4533 qna
1141 4465 1179 4519 sie
1193 4466 1243 4536 L„
1263 4482 1335 4534 quae
1355 4465 1393 4519 sit
1413 4468 1454 4524 aa.
1472 4474 1511 4539 25

246 4552 318 4618 qaod
340 4568 374 4604 ear
396 4552 457 4604 init.
482 4551 499 4604 l.
522 4551 647 4620 irrepeit;
670 4550 718 4618 qui
741 4549 780 4603 sis
797 4550 841 4615 ΙΙ,
867 4548 900 4602 (l.
921 4579 953 4588 —
973 4549 996 4608 ,c
1019 4545 1181 4600 Alfcsibeea
1201 4547 1228 4600 0.
1250 4576 1282 4585 —
1309 4546 1323 4597 'r'
1349 4546 1421 4614 qnid
1446 4547 1509 4606 icas

247 4634 340 4685 tantae
360 4631 441 4685 aaa
460 4632 500 4685 ed.
521 4632 560 4683 11
565 4653 576 4698 ,·
598 4630 665 4699 quid
684 4633 742 4684 tam
762 4630 820 4700 11„
839 4628 907 4698 quid
926 4630 996 4683 itam
1015 4629 1072 4697 Ηυ
1092 4627 1130 4692 G,
1151 4625 1197 4694 qui
1218 4627 1259 4680 ila
1277 4626 1310 4680 L.
1329 4659 1365 4665 -
1383 4627 1511 4686 obscure

246 4710 352 4765 dictum
376 4716 420 4764 est
442 4711 573 4778 Belbina,
603 4711 713 4766 obscuri
737 4710 836 4765 dicunt
859 4711 902 4764 eut
925 4708 1057 4777 0(‘libri
1080 4710 1197 4762 balant:
1226 4707 1364 4775 quiditam
1389 4709 1512 4767 obscuri

248 4791 344 4845 dieunt
363 4791 415 4845 est'
436 4791 502 4859 Me.)
523 4822 555 4831 -
575 4791 593 4845 8
612 4790 708 4845 Telelo
727 4793 786 4846 edd.
808 4823 839 4830 -
859 4793 878 4843 a
897 4792 971 4845 laeto
992 4790 1028 4855 Il,
1048 4789 1085 4842 ΙΙ.
