3098 5316
361 338 408 395 DE
427 339 617 395 coolclssvs
636 339 674 395 IN
693 339 765 394 HAG
786 338 961 443 nnlnponn
982 337 1173 393 ADHIBI'IIS.
1332 338 1396 401 299

140 500 309 567 adiectum
328 503 367 568 ad
383 504 435 586 27,
452 505 468 568 1
486 505 505 567 l.
524 502 736 570 ‘strabones':
755 507 810 587 orei
823 504 954 568 1111111111
967 503 1079 568 lrabeat
1090 508 1245 586 1111111111
1260 501 1395 586 ‘puclcle’

139 607 224 696 (non
256 607 431 695 ‘purleti'),
460 610 609 675 celticum
637 632 707 675 esse
735 611 798 675 hoc
825 611 1017 675 vocabulum
1046 614 1079 674 et
1101 610 1186 674 idem
1209 609 1276 674 fere
1299 610 1397 695 signi·

139 716 241 781 ficare
274 717 359 801 quod
387 716 587 802 ‘aspectum'
615 740 671 801 per
699 717 733 785 F.
760 718 963 782 Ruehlium
992 718 1331 802 Bezzenbergerus
1359 722 1398 781 et

139 819 351 889 Stokesius
378 846 439 889 nos
468 824 612 889 docuere.
657 824 701 889 Et
728 825 919 907 notandum,
952 826 1036 910 quod
1066 825 1137 889 add.
1165 826 1205 890 ad
1231 825 1309 906 177,
1333 825 1353 888 2
1377 825 1397 887 l.

140 927 342 996 ‘salebras'z
364 931 502 997 salebrae
523 932 562 996 ab
584 932 742 997 1111111111
788 930 943 1015 ‘compos'
967 932 1064 996 solent
1084 932 1225 1015 culparer
1247 933 1353 995 duae.

234 1037 334 1104 Liber
357 1038 534 1123 dispositus
553 1038 641 1103 binis
659 1039 818 1104 columnis
838 1061 875 1104 ac
894 1038 998 1103 tribus
1018 1039 1168 1103 manibus
1191 1037 1398 1122 perscriptus,

139 1143 201 1208 sed
230 1145 278 1209 ita
305 1149 343 1209 ut
370 1145 541 1210 coniuncta
565 1168 663 1231 opera
686 1146 732 1211 eis
756 1149 919 1230 ageretnr3
952 1145 984 1209 id
1008 1146 1092 1230 quod
1116 1151 1150 1210 et
1173 1167 1305 1209 numero
1329 1166 1397 1209 ver·

139 1272 241 1315 auum
266 1252 398 1338 (ubique
422 1257 498 1316 sunt
516 1252 574 1338 29)
598 1257 632 1317 et
654 1253 872 1319 concinnitate
892 1274 1018 1317 summa
1041 1254 1182 1335 partium
1206 1253 1397 1345 declaratur.

237 1357 347 1424 Prima
373 1382 488 1424 manus
512 1360 652 1443 pertinet
675 1359 716 1423 ad
738 1382 791 1445 pg.
815 1360 858 1425 53
882 1380 1024 1441 versam,
1051 1359 1106 1423 ubi
1129 1380 1205 1443 pars
1229 1359 1397 1423 columnae

139 1465 282 1530 alterius
305 1471 409 1545 vacat,
431 1466 492 1531 hoc
515 1470 566 1531 est
588 1466 627 1530 ad
650 1467 722 1547 117,
741 1468 761 1531 8
785 1465 894 1530 ‘ovum
918 1464 1148 1549 inspexerant',
1172 1466 1276 1530 altera
1295 1466 1334 1530 ad
1353 1467 1396 1529 93

139 1575 256 1637 rectae
287 1573 471 1638 columnam
504 1573 654 1655 alteram,
686 1574 741 1637 ubi
770 1574 848 1637 item
876 1574 996 1637 relicua
1024 1595 1099 1656 pars
1129 1574 1266 1659 paginae
1296 1579 1399 1656 vacat,

139 1679 175 1744 11.
200 1701 228 1744 a
257 1679 296 1744 ad
324 1679 422 1743 finem
451 1701 521 1764 cap.
544 1679 607 1762 HI,
633 1681 731 1744 tertia
753 1679 828 1743 inde
852 1701 872 1742 a
895 1699 948 1763 pg.
971 1680 1015 1743 94
1037 1680 1243 1744 continentur
1266 1680 1396 1744 relicua.

139 1782 248 1851 Cuius
277 1791 441 1852 auctorem
471 1791 503 1851 et
532 1785 691 1870 scriptura
720 1791 854 1870 apparet
881 1807 977 1849 usum
1006 1786 1125 1850 artiore
1153 1787 1397 1872 quampriores

139 1896 176 1956 et
200 1894 328 1958 minore
350 1915 427 1957 cura
450 1915 518 1957 rem
542 1894 682 1977 gessisse
706 1898 845 1958 testatur
868 1893 1054 1957 Onionsius.

199 2055 213 2067 .
233 1999 473 2076 Quaterniones
497 2003 623 2063 tantum
648 2022 750 2084 usque
774 1999 812 2063 ad
831 2020 885 2083 pg.
908 1999 970 2063 117
995 2021 1122 2063 versam
1147 2000 1279 2085 antiqua
1300 2023 1397 2065 manu

139 2107 250 2172 notati
273 2129 333 2172 nec
356 2108 437 2172 satis
462 2111 610 2171 accurate
634 2111 667 2171 et
690 2108 853 2172 concinne.
891 2106 1015 2171 ltelicui
1037 2108 1178 2192 suppleti
1198 2131 1296 2173 manu
1316 2131 1398 2174 saec.

139 2211 239 2277 XVII
264 2214 316 2279 vel
339 2212 462 2279 XVIII.

234 2319 298 2386 Pro
330 2318 401 2385 ‘ae'
430 2343 527 2406 saepe
555 2321 697 2406 positum
726 2319 776 2384 ‘e'
805 2320 993 2409 (aliquando
1022 2325 1055 2385 et
1084 2343 1142 2405 pro
1172 2320 1268 2406 ‘oa').
1313 2322 1399 2388 lllud

139 2426 192 2493 res
217 2429 408 2513 plerumque
428 2450 468 2491 11.
489 2429 509 2492 2
529 2428 631 2492 cauda
650 2431 789 2492 auctum.
827 2428 950 2492 Rursus
970 2450 1029 2512 pro
1049 2427 1099 2492 ‘e'
1120 2427 1205 2492 haud
1224 2451 1299 2492 rara
1318 2428 1398 2492 ³ae'.

235 2535 432 2600 Litterarum
457 2536 717 2621 permutationes
739 2534 878 2599 rcliouae
902 2536 981 2598 item
1005 2535 1137 2599 eaedem
1161 2557 1241 2618 quae
1265 2535 1298 2598 in
1323 2534 1357 2599 L.

234 2640 435 2727 Compendia
457 2665 522 2706 non
546 2642 611 2706 alia
634 2641 700 2706 fere
724 2641 786 2703 nisi
812 2641 908 2705 obvia
932 2644 966 2704 et
990 2642 1143 2726 vulgaria.
1182 2641 1323 2706 Litterae
1348 2644 1398 2707 vel

139 2750 274 2833 punctis
298 2750 437 2814 subditis
462 2750 586 2814 deletae
610 2750 660 2813 vel
683 2747 813 2812 lineolis
838 2748 954 2813 infixis.

236 2855 345 2920 Verba
368 2856 492 2921 utiam
516 2855 692 2920 memoravi
714 2876 810 2938 saepe
835 2854 919 2918 male
939 2854 1100 2919 distincta.
1138 2856 1399 2940 PraeposItiones

139 2985 218 3028 cum
245 2963 374 3028 nomine
398 2964 588 3048 insequente
612 2963 750 3026 iunctae.

237 3068 453 3135 Adsimilatae
492 3070 525 3133 in
561 3070 751 3152 compositis
783 3068 912 3132 eaedem
945 3071 1043 3150 paulo
1077 3070 1182 3135 minus
1215 3093 1325 3155 saepe,
1364 3077 1400 3134 ut

139 3179 282 3262 ridetur,
306 3199 404 3262 quam
428 3177 463 3240 in
486 3175 742 3241 Guelferbitano.

236 3285 438 3350 Paucissima
461 3287 495 3350 in
520 3307 557 3350 eo
582 3285 687 3370 magis
707 3285 843 3368 antiqua
863 3284 1024 3366 scriptura
1043 3292 1174 3350 exarata
1194 3308 1290 3370 quam
1310 3287 1343 3350 in
1364 3286 1400 3368 G,
1426 3373 1428 3377 .

139 3392 225 3477 Gen,
250 3391 286 3474 B,
309 3391 436 3476 Bamb.;
461 3395 643 3456 esttamen
667 3393 722 3456 ubi
746 3395 780 3454 et
803 3390 1050 3475 Lugdunensem
1077 3393 1195 3458 vincat.

236 3498 407 3564 Lemmata
430 3521 527 3562 manu
550 3499 656 3581 prima
681 3520 781 3581 usque
805 3498 845 3562 ad
869 3519 922 3582 pg.
951 3498 990 3563 15
1012 3499 1141 3563 initium
1166 3499 1218 3586 (ut
1243 3498 1400 3564 Schenke

139 3608 209 3672 lius
234 3605 344 3687 refert,
368 3628 469 3690 usque
493 3605 532 3669 ad
556 3605 653 3669 finem
673 3627 725 3690 pg.
745 3604 812 3689 22),
836 3606 914 3669 Item
939 3607 1078 3670 secunda
1100 3607 1219 3690 ubique
1242 3607 1401 3692 insignita

139 3713 267 3779 initiali
295 3712 409 3797 rubra,
440 3713 562 3778 relicua
589 3713 692 3797 nigra.
739 3714 767 3777 Α
798 3736 864 3797 cap.
893 3712 940 3777 IV
969 3736 1069 3798 usque
1098 3715 1137 3779 ad
1166 3714 1304 3798 paginae
1340 3714 1401 3779 165

139 3821 331 3887 columnam
360 3823 497 3886 alteram
520 3821 640 3886 initiali
664 3822 853 3905 plerumque
878 3822 1147 3906 superinductus
1172 3822 1261 3886 color
1285 3823 1401 3907 gilvus.

178 3947 182 3951 ’
236 3928 276 3993 In
305 3933 420 4014 quarto
450 3929 555 4012 capite
581 3950 647 3992 non
671 3929 766 3993 modo
791 3928 931 4011 primum
956 3928 1104 4012 quodque
1128 3927 1259 4009 lemma,
1288 3928 1343 3991 sed
1369 3935 1401 3993 et

140 4039 273 4121 partes,
300 4057 382 4121 quae
409 4057 474 4099 non
503 4057 673 4119 expressae
702 4036 785 4120 apud
809 4058 868 4100 nos
892 4036 1011 4099 litteris
1036 4034 1243 4119 capitalibus,
1272 4039 1308 4098 ut
1332 4036 1400 4118 plu-

140 4144 269 4209 rimum
292 4141 468 4227 insignitae
492 4143 540 4206 ita
563 4147 598 4207 11
621 4143 696 4206 dixi.

240 4249 385 4315 Rasurae
409 4250 491 4314 satis
515 4251 646 4333 multae,
670 4249 725 4313 sed
748 4248 834 4313 haud
859 4271 932 4312 raro
956 4249 1048 4332 tales,
1071 4254 1107 4314 ut
1130 4249 1218 4332 prior
1242 4250 1401 4332 scriptura

144 4359 253 4443 possit
276 4357 418 4440 agnosci.

238 4462 412 4529 Oorrectus
444 4469 494 4528 est
527 4463 625 4528 codex
659 4463 799 4545 primunr
833 4485 930 4527 manu
963 4463 1076 4547 prima.
1123 4463 1225 4537 Quam
1257 4484 1353 4545 saepe
1382 4486 1401 4526 a

147 4571 290 4638 secunda
314 4571 368 4636 vix
390 4593 484 4655 posse
508 4571 646 4636 discerni
671 4574 833 4635 testantur
856 4569 1076 4654 interrogandi
1101 4571 1195 4652 signa
1219 4593 1237 4633 a
1259 4568 1400 4634 Siversio

149 4679 182 4744 in
211 4680 361 4764 margine
390 4678 508 4742 addita.
554 4678 728 4741 Praeterea
755 4678 840 4742 idem
869 4677 1067 4761 significavit
1096 4676 1291 4758 aliquamdiu
1321 4699 1341 4740 a
1367 4698 1400 4739 se

151 4786 345 4868 dubitatum,
359 4808 399 4851 an
415 4786 512 4850 etiam
532 4784 631 4849 tortia
646 4807 741 4849 manu
756 4788 920 4849 correctus
935 4789 1021 4849 esset
1035 4783 1145 4868 codex,
1160 4782 1214 4848 sed
1228 4783 1399 4867 pensitatis
