3164 5326
409 348 1141 410 11111118111111111101181110111.
1170 350 1216 410 IV.
1377 351 1444 418 595

1357 452 1398 490 sea
1412 451 1444 492 n.

159 533 173 580 1
192 520 203 608 {l
222 521 408 605 Pretium,
419 522 505 604 [pro]
517 519 705 605 praemium.
728 517 902 584 Sallustius
916 517 950 581 in
960 517 1114 602 lugurtae
1129 520 1229 586 bello:
1244 520 1322 587 vicit
1335 528 1445 590 tamen

193 630 229 694 in
254 632 370 694 senatu
392 650 469 713 pars
493 628 552 692 illa
575 650 657 714 quae
680 649 757 693 vero
780 627 920 712 pretium
939 630 997 690 aut
1014 627 1154 711 gratiam
1173 628 1383 696 anteferebat.
1405 671 1443 679 —

193 734 338 802 Naevius
361 732 488 798 Danae:

355 858 424 926 quin
443 861 476 910 ut
493 854 641 925 qnisquest
658 855 781 923 meritus,
800 871 933 925 praesens
951 856 1072 925 pretium
1092 875 1143 927 pro
1161 858 1245 914 lactis
1263 859 1342 916 ierat

158 979 175 1027 5
285 966 457 1031 Terentius
480 966 513 1030 in
537 965 674 1029 Andria:

356 1089 431 1158 quod
449 1086 537 1143 habui
554 1106 692 1142 summum
712 1087 833 1157 pretium
853 1086 975 1157 persolvi
992 1088 1055 1144 tibi.

286 1198 449 1284 Vergilius
472 1198 527 1262 lib.
550 1196 595 1263 V:

358 1323 387 1375 et
404 1319 516 1391 palmae
534 1319 655 1388 pretium
675 1317 835 1374 victoribus.

288 1431 431 1496 Lucilius
454 1430 508 1495 lib.
531 1427 635 1493 XXX:

145 1558 177 1606 10
359 1553 437 1608 cuius
455 1553 535 1607 vultu
553 1569 587 1606 ac
605 1550 678 1606 facis
695 1550 763 1605 ludo
782 1567 815 1604 ac
835 1550 1004 1607 sermonibu’
1024 1554 1127 1609 nostris
1222 1613 1224 1616 Α

358 1633 480 1704 verginia
498 1633 552 1688 boc
570 1632 693 1702 pretium
714 1633 799 1698 atque
818 1631 891 1686 bunc
909 1632 1095 1689 reddebamus
1114 1636 1256 1693 bonorem.

288 1779 489 1827 anavnvn
517 1764 568 1824 est
595 1782 681 1824 crux.
718 1757 892 1824 Sallustius
915 1759 999 1826 Hist
1022 1761 1078 1828 lib.
1103 1763 1166 1830 lll:
1193 1767 1227 1831 iu
1251 1768 1323 1852 quis
1347 1773 1447 1837 notis·

198 1872 302 1935 simus
338 1869 473 1953 quisque
504 1890 541 1932 cc
573 1868 661 1932 malo
694 1866 876 1952 dependens
910 1869 1141 1935 verberabatur
1174 1878 1230 1938 aut
1261 1877 1448 1946 inmutilato

197 1998 334 2061 corpore
351 1975 386 2040 in
405 1975 494 2060 prori
512 1975 659 2060 patibulo
679 1973 842 2038 eminens*
857 1974 1069 2059 adfigebatur.
1086 1979 1098 2061 l
1115 1979 1355 2066 Patibulum,
1377 2009 1449 2053 sera

145 2102 178 2150 16
199 2107 264 2171 qua
288 2083 373 2148 ostia
395 2083 625 2166 obcluduntur3
654 2081 737 2166 quod
760 2081 822 2146 hac
846 2086 972 2147 remota
995 2084 1108 2148 valvas
1131 2090 1274 2170 pateant.
1309 2091 1449 2159 Titinius

199 2191 404 2256 Fullonibus:

292 2465 304 2510 l
327 2462 373 2523 16,
393 2462 406 2510 1
426 2457 437 2522 l
455 2460 471 2509 3
491 2455 613 2508 Naevius
634 2454 730 2508 Danae
749 2453 839 2523 lvio
859 2453 883 2521 l,
905 2461 932 2519 1,
955 2457 1040 2525 1217
1059 2457 1127 2511 Aen.
1148 2459 1181 2528 V,
1203 2465 1306 2531 llll9
1327 2464 1450 2522 Lucilius

199 2540 219 2592 l.
240 2537 339 2606 XXX!
356 2541 385 2589 12
406 2534 555 2589 Sallustius
575 2534 645 2588 Hist.
666 2534 702 2586 1v
717 2537 726 2604 l
744 2542 773 2588 15
792 2534 911 2589 'l'itiuius
932 2535 1103 2591 l'ullonibus.

200 2787 260 2842 ullo
278 2786 318 2852 Ia,
337 2784 394 2856 n„
414 2786 448 2841 G.
467 2816 501 2825 -
519 2786 584 2840 olim
601 2786 797 2854 scripseramus
815 2786 951 2841 trochaico
968 2803 1090 2854 nummo,
1108 2793 1195 2844 secuti
1213 2792 1379 2850 Merccrum:
1401 2815 1451 2852 nec

200 2884 289 2937 parvo
299 2866 397 2921 catillo
407 2867 507 2935 pretia
521 2883 589 2936 quoe
598 2867 678 2920 uerba
689 2867 868 2934 iuupereutur
877 2882 938 2919 cum
947 2866 994 2933 ris,
1008 2883 1077 2935 quae
1087 2868 1214 2938 loquutur
1227 2872 1289 2925 XX
1295 2874 1391 2943 VIII,
1401 2882 1453 2943 30,-

202 2954 232 3001 ut
254 2948 379 3015 displicet
401 2948 473 3016 quod
495 2948 527 3000 iu
549 2948 592 3000 bis
613 2948 732 3014 piscium
755 2948 854 3000 eucratio
877 2961 933 2999 aon
957 2948 989 2999 iu
1011 2948 1065 3012 fiae
1088 2965 1181 3003 ausus
1199 2956 1331 3021 occurrit,
1355 2958 1403 3011 sed
1421 2961 1453 3012 in

201 3030 298 3096 capite.
319 3056 352 3067 -
371 3042 422 3081 nec
442 3044 528 3096 parvo
548 3025 652 3081 catullo
671 3028 701 3096 (i.
721 3044 742 3082 e.
763 3027 867 3095 saturo)
887 3027 991 3095 preti0‚
1016 3033 1050 3081 ut
1067 3031 1239 3098 suppleretur
1257 3034 1329 3089 illud
1347 3037 1453 3091 ventris

203 3107 344 3163 rabiosam
363 3107 474 3172 famem,
493 3125 549 3161 aou
567 3110 608 3161 ita
622 3108 804 3176 probabiliter
818 3105 945 3160 Loercius
961 3107 1058 3176 Opasc.
1069 3125 1117 3179 pp.
1132 3115 1202 3166 228.
1219 3143 1249 3151 -
1266 3113 1281 3166 1
1298 3117 1452 3183 praemium

204 3190 255 3254 M,·
277 3205 329 3258 pro
353 3186 477 3256 praemio
499 3206 523 3241 o.
544 3219 575 3227 —
596 3187 748 3256 Iugurthae
775 3187 847 3253 Gau,
870 3186 915 3253 Η,
938 3187 978 3254 6,·
999 3203 1056 3241 aaa
1078 3190 1113 3241 B.
1134 3220 1166 3229 —
1186 3190 1204 3244 3
1223 3192 1321 3248 nevius
1340 3198 1399 3249 cdd.
1419 3229 1452 3237 ..

202 3269 276 3322 dans
299 3268 341 3333 L;
369 3267 440 3322 dane
464 3284 516 3336 per
541 3286 556 3321 e
578 3268 741 3333 caudatam,
769 3271 799 3318 ut
822 3266 933 3333 saepius
955 3268 1059 3330 sactum
1082 3270 1114 3321 iu
1137 3271 1229 3339 libris,
1252 3274 1293 3340 B,
1317 3275 1357 3329 Η.
1378 3308 1409 3315 -
1435 3277 1453 3331 4

203 3365 335 3420 praesens
351 3366 401 3418 per
419 3349 515 3402 lemma
532 3346 581 3418 L..
602 3377 634 3385 -
654 3346 672 3400 b
691 3345 850 3413 Terentium
873 3347 909 3412 cs.
928 3351 983 3401 317
1002 3349 1018 3402 1.
1040 3346 1152 3404 habere.
1173 3382 1201 3391 -
1226 3353 1244 3406 1)
1264 3354 1401 3423 Lucilium
1419 3360 1455 3423 cs.

203 3431 292 3485 3201.
317 3429 418 3496 bonor,
442 3427 605 3497 praemium.
626 3426 717 3480 -10
738 3426 805 3480 ludo
829 3428 889 3482 edd.
914 3430 982 3493 320,·
1005 3429 1079 3482 ludis
1102 3431 1127 3483 b.
1152 3432 1168 3484 l.
1190 3463 1222 3472 —
1242 3451 1346 3503 parum
1364 3438 1456 3506 placet

199 3529 251 3580 per
270 3510 422 3580 asyndeton
438 3509 535 3563 scribi:
554 3507 637 3573 ludis,
657 3507 823 3561 sermonibu'
843 3508 953 3562 nastris.
970 3539 1002 3547 —
1020 3509 1053 3562 ll
1075 3510 1197 3579 verginia
1217 3514 1256 3581 1.‚·
1275 3515 1301 3569 G
1319 3534 1352 3570 ec
1370 3535 1456 3586 corr.;

203 3588 321 3661 virginis
343 3589 401 3644 rell.
424 3605 485 3642 cram
507 3589 543 3643 B.
562 3618 596 3627 —
615 3585 756 3641 reddimus
780 3589 840 3641 cdd.
863 3588 889 3640 b.
912 3589 929 3642 l.
952 3619 982 3628 —
1007 3589 1044 3644 12
1067 3593 1174 3645 uallum
1199 3595 1215 3646 t.
1240 3597 1271 3649 ia
1290 3597 1324 3651 L.
1344 3629 1378 3638 -
1392 3605 1456 3667 post

204 3689 272 3726 crux
300 3672 332 3724 iu
358 3668 385 3722 L
413 3670 528 3722 additur
556 3670 591 3722 Y.
616 3698 647 3706 -
672 3666 710 3719 ΙΙΙ
738 3667 777 3733 a,
802 3668 875 3733 Gerr,
901 3668 961 3738 ΗΜ·
989 3669 1041 3722 llll
1067 3672 1126 3726 rell.
1149 3702 1183 3712 -
1207 3682 1323 3743 apparet
1349 3681 1398 3747 aqi
1424 3680 1457 3733 dc

201 3755 360 3823 piratarum
382 3749 424 3803 aet
445 3749 541 3803 scetere
563 3748 603 3802 oel
617 3762 723 3815 poerra;
743 3749 777 3812 cf.
797 3765 888 3803 comior.
907 3750 939 3802 ia
957 3753 1024 3817 257,
1042 3755 1085 3805 43.
1103 3783 1134 3790 —
1155 3752 1192 3806 18
1211 3771 1244 3808 cc
1264 3756 1302 3809 Μ
1303 3778 1314 3823 ‚·
1332 3758 1362 3811 et
1380 3760 1441 3813 cdd.
1448 3780 1457 3824 ,-

204 3835 255 3887 aut
278 3831 409 3898 Bentia.;
431 3834 455 3884 et
478 3831 520 3882 ita
542 3846 565 3883 o.
592 3857 623 3865 -
648 3827 808 3896 dependens
832 3829 913 3895 Ald.,·
939 3829 1095 3899 deperdens
1118 3833 1178 3886 cdd.
1204 3864 1237 3873 —
1260 3838 1458 3893 verberantur

207 3913 288 3982 Gerr..
310 3942 341 3951 -
360 3910 432 3964 illud
455 3907 616 3961 inmutilato
636 3909 690 3973 (ita
710 3906 743 3973 (l,
765 3905 839 3974 Gru,
857 3908 897 3974 B)
916 3911 995 3964 ratde
1011 3917 1180 3979 suspectum,
1198 3930 1259 3968 cum
1278 3915 1457 3972 inmutilandi

203 3992 367 4048 vocabulum
389 3990 459 4044 alibi
481 4005 538 4043 uon
559 3988 686 4041 videatur
708 3988 839 4055 reperiri;
861 3988 992 4044 mutilato
1016 3989 1095 4060 Lips.
1117 3994 1167 4060 (lp.
1188 3992 1252 4060 III,
1272 4000 1363 4060 122&-
1387 3999 1457 4052 mul.

204 4077 270 4128 cabo
293 4071 417 4126 Vrsinus.
437 4100 471 4110 -
491 4067 528 4122 14
551 4067 579 4122 in
603 4067 678 4137 proti
699 4068 733 4119 Μ
738 4089 748 4133 ;
766 4069 801 4133 cs.
821 4085 912 4124 cortem.
932 4071 964 4123 ia
981 4075 1049 4137 200,
1069 4078 1106 4126 33
1125 4073 1164 4140 (in
1183 4075 1272 4142 proris
1292 4074 1370 4143 Lips.
1391 4079 1457 4133 Aut.

204 4157 264 4209 lect.
285 4153 305 4206 I
309 4153 339 4218 I,
358 4153 400 4220 1);
422 4149 533 4221 inprobi
552 4149 643 4218 (impr.
663 4147 704 4213 B,
723 4147 774 4217 L„
798 4146 835 4218 G)
854 4150 914 4204 cdd.
935 4181 968 4190 -
987 4151 1114 4221 improbe
1132 4154 1209 4223 idem
1221 4154 1299 4223 Lips.
1321 4155 1371 4224 Op.
1390 4156 1459 4225 ΙΙΙ,

205 4238 295 4299 1229;
318 4237 347 4287 at
364 4232 476 4287 debebat
493 4246 560 4285 esse:
579 4228 737 4282 inmutilato
757 4228 883 4297 improbe
903 4247 1026 4300 corpore.
1047 4264 1080 4273 -
1100 4235 1171 4288 illud
1190 4233 1314 4290 eminens
1333 4240 1459 4303 (emneus

207 4316 298 4384 Germ
326 4315 389 4368 itera
416 4312 470 4382 1¹15
501 4310 610 4366 eminus
638 4312 675 4375 A)
706 4311 819 4377 mirifice
846 4311 949 4365 dictum
975 4315 1030 4370 oid.
1059 4317 1198 4370 adsentior·
1225 4316 1378 4382 Dietscbio,
1411 4320 1460 4387 qiu

204 4413 263 4452 uoa
282 4397 347 4450 bene
371 4391 520 4457 emiuenti3
542 4391 615 4460 queo
637 4391 718 4444 ctiam
737 4390 835 4444 Guieto
853 4392 885 4443 ia
905 4398 1017 4447 mentun
1034 4398 1115 4450 oeait.
1135 4427 1169 4436 -
1188 4394 1236 4450 14.
1256 4395 1293 4449 15
1307 4403 1371 4465 post
1389 4399 1461 4452 illud

204 4475 403 4544 adigebantur
420 4474 472 4540 (sic
489 4471 545 4543 1,)
564 4471 664 4539 incipit
682 4472 713 4523 iu
732 4471 757 4522 Ii
775 4471 822 4537 fol.
842 4477 912 4539 168,
932 4474 963 4526 iu
981 4491 1034 4543 quo
1053 4477 1104 4530 litt.
1125 4477 1292 4545 capitalibus
1309 4482 1333 4529 et
1352 4480 1461 4530 auratis

204 4558 313 4626 scripta
330 4556 409 4610 burc:
427 4552 586 4607 Priscianus
604 4550 804 4619 grammaticus
823 4551 891 4604 Cum
911 4554 1001 4606 omnis
1021 4559 1072 4624 (pr.
1088 4557 1135 4610 lat.
1152 4559 1202 4623 II,
1215 4560 1254 4624 1).
1273 4557 1377 4610 relicua
1392 4575 1461 4626 pars

204 4639 271 4707 sotii
293 4641 381 4691 uacat
402 4663 435 4674 -
455 4634 514 4686 Par.
539 4632 625 4687 etiam
648 4647 709 4686 scra
732 4649 787 4699 qun
810 4630 907 4685 hostia
929 4634 981 4700 (sic
1003 4639 1028 4688 et
1052 4634 1124 4701 Gru,
1148 4636 1191 4702 II)
1217 4635 1405 4690 obcluduntur
1426 4640 1460 4692 A.

208 4735 312 4786 -qno
331 4716 430 4786 11,.-
450 4711 655 4768 obclauduntur
672 4711 715 4778 B,·
733 4710 921 4778 obduduntur,
939 4714 986 4767 sed
1003 4715 1035 4767 ia
1052 4732 1120 4784 mro.
1139 4733 1173 4769 m.
1193 4720 1212 4769 2
1230 4717 1461 4788 corr.,(r'cu,H1.

207 4830 241 4841 ...
262 4814 296 4853 ac
315 4798 353 4865 A,
372 4794 454 4864 Gen„
475 4825 508 4833 -
528 4794 635 4847 remote
655 4793 743 4861 ἅρπῃ·
761 4791 796 4846 L.
816 4822 849 4830 -
869 4791 1004 4861 Titinium
1023 4795 1057 4860 cf.
1077 4798 1167 4850 2171.
1187 4796 1335 4865 porticam.

1195 4883 1249 4938 38¹¹
