3098 5316
444 348 493 403 DF·
512 347 766 403 PROPRIETATE
786 348 998 404 SERMONVM.
1027 348 1046 402 l.
1328 347 1366 411 81

1252 440 1285 480 oo.
1299 440 1324 479 61
1338 439 1370 479 Μ.

139 511 253 578 humaui
261 511 389 597 ingenii
402 511 575 576 transtulit
587 511 740 578 formam:
754 513 964 578 ‘Theodectes
975 517 1083 577 autem
1094 513 1304 597 praefractior
1313 532 1371 575 nec

139 620 216 702 satis,
237 622 275 682 ut
299 619 349 683 ita
372 617 493 701 dicam,
515 618 689 684 rutundus:
712 620 835 704 primus
858 621 1001 685 instituit
1023 620 1160 684 dilatare
1184 618 1312 684 verbis?

212 744 349 790 annuns
374 748 394 790 a
416 725 505 790 rabie
529 724 634 790 dictus
658 731 721 791 est:
745 748 840 810 quem
863 749 949 792 nunc
972 726 1163 791 advocatum
1187 726 1239 791 vel
1260 746 1371 790 causa·

141 856 198 901 rum
222 838 397 918 patronum
425 833 571 898 dicimus.
617 831 729 898 Cicero
761 834 795 898 in
823 832 974 899 Oratore:
1008 855 1073 898 non
1101 833 1187 897 enim
1215 831 1371 897 declama·

143 948 229 1008 torem
257 940 399 1025 aliquem
428 941 467 1004 de
489 938 566 1004 ludo
591 943 648 1004 aut
671 939 821 1004 rabulam
844 939 883 1004 de
907 941 993 1022 foro,
1020 940 1076 1004 sed
1099 938 1319 1003 doctissimum
1341 941 1375 1002 et

146 1047 394 1136 perfectissimum
423 1048 616 1131 quaerimus.
648 1084 685 1093 -
714 1047 789 1111 inde
817 1053 850 1112 et
876 1045 1064 1113 Sallustius:
1097 1046 1228 1129 canina,
1262 1049 1299 1111 ut
1326 1046 1374 1110 ait

147 1155 264 1242 Appius,
285 1153 438 1219 facundia
461 1155 678 1220 exercebatur.

215 1278 376 1326 nummus
400 1261 572 1326 manifeste
595 1261 718 1326 medius
742 1261 818 1325 dies.
865 1259 976 1326 Cicero
1000 1261 1035 1324 in
1058 1259 1209 1325 Oratore:
1237 1261 1302 1325 iam
1326 1262 1373 1325 vi-

151 1372 222 1435 detur
241 1368 390 1432 nescire
413 1368 546 1433 dulcius.
582 1369 687 1452 ipsum
711 1367 906 1432 meridiem
931 1389 988 1431 cur
1010 1390 1074 1432 uon
1098 1367 1323 1432 medidiem?

217 1492 331 1540 rreum
353 1475 588 1559 proprietatem
608 1472 720 1540 Cicero
744 1474 783 1538 de
805 1480 935 1539 oratore
957 1475 1012 1538 lib.
1031 1473 1064 1537 ll
1083 1474 1251 1559 patefecit:
1275 1495 1370 1558 quem

153 1585 216 1650 enin
236 1604 291 1646 nos
311 1581 487 1665 ineptum
508 1603 667 1665 vocamus,
690 1582 717 1646 is
737 1581 817 1645 mihi
836 1581 963 1646 videtur
982 1581 1022 1645 ab
1040 1581 1102 1646 hoc
1119 1603 1235 1646 nomen
1254 1581 1373 1646 hahere

155 1693 257 1757 ducum
277 1688 363 1772 quod
386 1709 452 1752 non
476 1689 519 1752 sit
542 1691 648 1772 aptus.

220 1812 437 1860 oavoseoals
456 1793 544 1859 dicta
562 1799 637 1858 sunt
655 1793 808 1878 hospitia,
831 1818 850 1859 a
869 1793 1073 1860 devertend0.
1109 1791 1221 1858 Cicero
1242 1794 1281 1857 de
1299 1814 1372 1858 ora-

139 1901 336 1972 iualih.11:
360 1903 524 1987 quiescam
547 1901 581 1965 iu
601 1900 747 1966 Caesaris
764 1898 779 1988 ΙΙ
795 1923 942 1967 sermone
962 1902 1054 1986 quasi
1073 1902 1107 1965 in
1127 1901 1236 1983 aliquo
1254 1921 1374 1984 oppor-

160 2020 216 2078 ttno
235 2009 425 2074 dev'orsorio.

223 2132 407 2181 saumones
436 2115 587 2179 dicuntur
614 2137 634 2179 a
662 2115 772 2179 sannis
800 2116 854 2199 qui
882 2119 960 2179 suut
987 2116 1021 2178 in
1049 2113 1142 2178 dictis
1169 2114 1251 2177 fatui
1281 2117 1314 2176 et
1341 2114 1376 2176 in

164 2226 269 2291 notibus
295 2225 328 2287 et
354 2223 389 2286 in
418 2222 571 2307 schemis;
600 2244 680 2306 quos
708 2244 816 2287 moros
844 2227 964 2288 vocant
991 2219 1114 2286 Graeci.
1141 2220 1313 2286 Terentius
1341 2222 1375 2284 in

144 2353 154 2399 e
165 2328 296 2399 hundo:

531 2434 607 2489 eolus
626 2433 724 2488 sannio
743 2435 836 2487 servat
853 2433 937 2488 domi.

224 2543 323 2611 (licere
359 2543 399 2608 dc
436 2549 564 2609 oratore
598 2544 653 2608 lib.
685 2542 731 2608 Il:
767 2542 843 2627 quid
876 2544 960 2607 enim
992 2547 1069 2627 pote
1099 2546 1168 2607 tam
1200 2519 1372 2606 ridiculum

167 2674 232 2737 qum
248 2652 357 2716 sannio
380 2651 454 2716 est?
499 2652 552 2735 qui
576 2672 646 2733 ore,
674 2650 780 2730 vultu,
807 2650 974 2714 imitandis
998 2651 1154 2733 motibus,
1178 2671 1265 2733 voce,
1289 2649 1375 2713 deni-

168 2783 208 2843 que
224 2780 343 2842 corpore
365 2758 488 2823 ridetur
512 2759 592 2841 ipso.

139 2884 158 2932 lo
226 2883 407 2930 munioni
441 2865 670 2948 proprietatem
697 2865 823 2944 ,indicat
852 2864 957 2928 Varro
988 2865 1026 2927 de
1054 2887 1089 2928 re
1116 2864 1239 2928 rustica
1267 2864 1321 2927 lib.
1344 2862 1373 2927 l:

168 2974 219 3037 bina
234 2974 345 3056 iugera,
368 2971 454 3057 quod
478 2995 498 3036 a
520 2972 659 3035 Romulo
682 2973 822 3054 primum
847 2971 950 3034 divisa
969 2971 1101 3054 viritim,
1125 2993 1205 3054 quae
1224 2971 1373 3034 heredem

170 3085 347 3165 sequerentur,
368 3079 555 3143 herediolum
576 3079 780 3162 appellamini.

229 3334 254 3379 14
272 3334 309 3392 lt,
327 3333 360 3380 47
374 3328 385 3394 ΙΙ
400 3332 433 3379 16
449 3324 598 3380 Sallustius
613 3323 803 3392 (historiarum
818 3323 921 3393 libris);
942 3322 1072 3392 Appiusll
1089 3329 1120 3376 18
1135 3330 1179 3391 47,
1199 3240 1250 3377 Til
1267 3325 1324 3391 1120
1343 3323 1375 3387 ll,

171 3409 277 3475 euru
293 3405 326 3472 11,
346 3411 389 3472 eu,
408 3412 462 3459 ess
475 3408 515 3474 115
535 3405 580 3472 lv,
599 3412 625 3473 u,
647 3411 679 3459 io
693 3407 731 3474 l⁷
753 3405 787 3472 11,
807 3410 849 3472 er,
868 3412 917 3457 251
934 3405 943 3472 ιι
960 3412 992 3458 ιο
1011 3403 1030 3470 1,
1052 3411 1094 3468 10,
1112 3410 1137 3456 e.

228 3648 255 3701 ll
273 3647 377 3716 ingenti
396 3646 429 3700 L.
445 3678 480 3685 -
498 3645 675 3714 Thucydides
699 3647 775 3700 codd.
797 3644 868 3709 θέω
891 3645 1055 3699 Theodorus
1074 3651 1142 3697 recte
1160 3642 1314 3696 Ernestius.
1342 3672 1374 3681 -·

169 3727 192 3780 u
203 3727 313 3781 sustituit
329 3727 369 3792 L,
388 3727 441 3797 11,.
461 3758 496 3765 -
514 3727 551 3779 13
570 3724 668 3780 rubiae
687 3757 719 3766 -
740 3742 840 3792 quaem
859 3726 925 3792 suet.
944 3744 977 3778 m.
997 3731 1017 3779 2
1036 3742 1070 3778 ex
1088 3723 1168 3776 rabia
1186 3754 1217 3762 -
1234 3738 1317 3790 quam
1337 3722 1374 3776 11.

168 3810 262 3873 -estfi
279 3814 346 3862 rad)
365 3808 429 3861 add.
450 3810 481 3860 iu
501 3807 534 3861 L.
551 3839 582 3846 —
600 3806 637 3859 lh
656 3806 690 3860 de
709 3805 764 3858 udo
779 3806 812 3859 L.
828 3837 859 3845 —
878 3805 913 3859 lu
927 3804 1163 3874 perteetiasimum
1178 3803 1212 3856 L.
1229 3834 1260 3840 -
1276 3800 1310 3854 21
1332 3800 1375 3853 his

164 3888 218 3954 piiss
232 3888 262 3940 ll.
280 3919 309 3927 -
329 3887 367 3942 ho
387 3887 435 3957 11¹.
454 3918 488 3926 —
508 3887 545 3940 22
565 3886 680 3941 drictum
698 3903 733 3949 a,
751 3886 855 3938 dictum
877 3885 906 3952 0,
925 3885 1015 3954 Lupd.
1037 3915 1069 3922 —
1088 3884 1126 3937 23
1145 3881 1311 3936 Deversoria
1328 3881 1376 3949 Ll-

166 3996 187 4006 -
200 3968 337 4022 deierando
351 3969 437 4036 prius
455 3967 497 4033 L,·
515 3966 673 4020 devorando
693 3966 752 4035 H,;
772 3965 798 4017 L
816 3984 850 4018 ex
868 3982 952 4032 corr.‚·
971 3965 1078 4033 Lupd.,·
1097 3962 1266 4017 devortendo
1281 3961 1334 4029 fl„
1350 3958 1375 4011 G

163 4046 339 4109 (advertendo
356 4064 425 4115 turp.
446 4045 492 4114 G).
513 4077 545 4086 -
565 4047 744 4115 loportuno
766 4046 813 4115 L„
834 4046 887 4115 11„
905 4045 946 4111 (ἱ,-
964 4046 1173 4114 peropportuno
1194 4042 1249 4095 Cic.
1272 4072 1301 4079 -
1321 4039 1340 4092 3
1359 4056 1376 4091 a

162 4128 235 4181 maiis
249 4127 352 4197 Lupd.;
373 4144 458 4195 porro
481 4144 529 4181 aee.
550 4128 590 4181 ed.
609 4127 697 4180 Basil.
724 4124 818 4190 (1¹,L;
838 4126 900 4177 item
919 4123 992 4191 Ilqo,
1012 4123 1052 4187 P‚·
1080 4123 1209 4175 asanais
1230 4121 1288 4188 Hm
1319 4121 1374 4172 Me.

161 4206 368 4261 -dmontibus
398 4207 436 4271 L,
465 4207 516 4276 H,
545 4237 578 4245 -
606 4204 696 4259 scenis
723 4204 764 4269 L,
793 4203 851 4272 ΠΗ·
884 4203 992 4256 schenis
1025 4203 1198 4268 rell.;.oor·r.
1232 4201 1309 4270 Lips.
1342 4230 1375 4239 —

161 4285 232 4354 ipote
255 4289 303 4347 M.-
326 4289 425 4357 potest
448 4287 485 4354 0,·
507 4287 625 4357 Erluup.
649 4287 696 4339 alt.
724 4286 795 4351 (lic,
822 4285 871 4337 uhi
894 4300 917 4335 o.
943 4283 1035 4350 potest
1059 4298 1128 4335 esse.
1149 4312 1181 4319 -
1207 4282 1224 4333 8
1252 4280 1301 4348 qui
1329 4296 1375 4332 are

157 4364 180 4431 d,
193 4368 239 4439 H„-
259 4386 346 4437 quare
366 4368 425 4437 H„
448 4366 482 4420 G.
500 4397 535 4406 -
554 4367 677 4419 motibus
699 4382 748 4420 sec.
768 4367 808 4418 ed.
829 4367 895 4419 Burs.
918 4363 957 4429 G,
976 4365 1057 4431 idque
1074 4364 1228 4429 uerissime;
1253 4360 1376 4414 moribus

153 4444 178 4511 L,
195 4450 234 4517 H,·
254 4450 315 4503 old.
341 4450 398 4502 Cic.
421 4479 451 4486 —
471 4448 489 4499 9
512 4447 575 4514 ipso
600 4462 714 4514 corpore
738 4445 845 4498 ridetur
863 4446 954 4498 misius
973 4445 1037 4497 beue
1056 4444 1111 4511 lepe
1129 4442 1297 4511 eurythmiae
1315 4441 1374 4493 cdd.

151 4527 185 4583 Cic.
204 4560 231 4568 -
250 4530 289 4583 10
311 4527 448 4581 Haeredii
473 4528 536 4581 ΑΜ.
560 4544 593 4581 eu
621 4526 699 4580 Vuir.
724 4557 755 4565 —
781 4543 810 4579 re
833 4540 971 4591 suprascr.
995 4540 1028 4576 m.
1053 4527 1072 4576 2
1096 4523 1128 4574 iu
1146 4521 1185 4574 H.
1206 4552 1237 4560 -
1259 4520 1294 4573 ll
1320 4518 1375 4572 div.

146 4604 287 4663 dicebantur
306 4609 416 4662 viritim
435 4609 495 4662 cdd.
514 4607 594 4661 Varr.
611 4638 643 4647 -
659 4606 738 4660 vitim
759 4607 805 4677 L,
824 4637 854 4644 -
870 4624 901 4672 q:
920 4605 954 4670 L,
974 4620 1028 4670 que
1043 4602 1081 4654 H.
1096 4602 1182 4655 -12
1197 4602 1377 4668 sequerentur

143 4685 229 4757 lurra·
245 4692 405 4756 sequentur
423 4689 484 4743 cdd.
506 4719 537 4727 -
558 4687 731 4743 herediolum
750 4686 929 4754 appellarunt
947 4701 980 4737 ex
1007 4683 1129 4737 Varrone
1146 4683 1210 4738 add.
1230 4682 1312 4748 docti,
1331 4697 1375 4748 up.

139 4788 193 4825 sen
211 4773 317 4841 lepitur
335 4769 493 4823 heredium.

164 4872 231 4913 Son
246 4871 333 4911 nanc.
348 4869 373 4909 G.
387 4868 416 4909 D.
430 4869 465 4908 ed
480 4869 506 4908 L.
520 4868 649 4907 Mutunus.
1147 4859 1163 4906 6
