3098 5316
380 350 427 405 DE
446 342 671 407 RATIONIBVS
690 349 872 407 EDITIONIS
892 349 1011 407 HVIVS.
1257 350 1323 416 315

162 510 234 588 Qua
261 513 296 578 in
322 536 358 577 re
386 536 454 579 non
481 513 561 579 illud
588 514 683 579 modo
713 514 945 599 impedimenta
968 514 1130 604 obiciebat
1153 521 1186 581 et
1209 537 1325 599 moras,

67 618 160 702 quod
187 618 327 684 traditae
357 621 508 687 lectionis
538 621 616 685 fides
644 644 740 706 saepe
763 625 833 687 erat
856 622 1009 687 subtilius
1032 621 1242 706 exploranda,
1268 623 1324 687 sed

66 726 189 813 magis,
212 727 295 811 quod
319 728 454 813 vulgata
478 729 639 812 scriptura
662 729 896 794 dubitationem
921 728 1073 794 movebat
1093 728 1266 795 identidem
1287 751 1324 794 ac

67 834 306 918 suspicionem,
333 839 370 899 ut
399 859 418 900 a
446 833 569 919 Nonio,
597 835 651 920 qui
679 836 748 920 ipse
777 835 826 899 vel
855 835 994 901 maxime
1022 839 1133 919 egeret
1159 857 1249 914 cura,
1283 835 1323 899 ad

66 940 154 1006 alios
182 943 331 1006 auctores
360 941 548 1006 deberemus
576 941 740 1006 devertere
767 942 929 1007 sanandos
953 942 1131 1028 longasque
1154 943 1323 1008 instituere

66 1046 300 1135 digressiones.

161 1154 341 1221 Plurimum
364 1160 476 1220 tamen
499 1155 646 1220 laborum
671 1154 963 1238 difficultatemque
987 1156 1021 1219 iu
1043 1155 1234 1241 fragmentis
1254 1163 1325 1223 erat

64 1262 266 1346 scriptorum
290 1262 568 1329 reconcinnandis.
608 1262 696 1339 Quae
721 1261 850 1346 quidem
873 1273 947 1344 n'on,
971 1268 1008 1327 ut
1029 1285 1115 1328 nunc
1138 1265 1221 1330 solet
1244 1265 1325 1350 fieri,

64 1368 112 1433 ab
136 1368 395 1435 adulescentibus
419 1371 564 1434 omnium
589 1391 697 1433 rernm
716 1369 848 1454 ignaris,
871 1369 926 1433 sed
947 1392 966 1434 a
985 1371 1224 1456 spectatissimo
1248 1395 1324 1457 quo—

64 1497 133 1561 que
157 1478 266 1542 aetate
289 1480 323 1542 et
346 1481 416 1542 arte
439 1477 551 1543 critico
573 1476 689 1541 debere
707 1475 841 1541 tractari
862 1475 942 1542 alibi
960 1476 1107 1560 pluribus
1126 1480 1176 1542 est
1194 1478 1323 1544 demon·

63 1585 221 1649 stratum.

108 1674 111 1679 ¹
161 1688 335 1775 Augebant
357 1690 541 1755 molestiam
566 1689 672 1774 operis
695 1694 746 1755 tot
769 1691 833 1755 loci
856 1690 1054 1774 scriptorum
1074 1691 1107 1755 in
1126 1693 1324 1756 testimoniis

60 1796 375 1881 commentariisque
403 1798 509 1880 citati3
538 1817 675 1880 quorum
703 1797 754 1860 vel
782 1797 816 1861 in
847 1796 989 1861 numeris
1018 1795 1192 1861 referendis
1218 1800 1325 1882 patuit

58 1903 225 1990 peccandi
245 1904 371 1970 occasio
391 1903 574 1989 multiplex,
594 1903 730 1988 denique
750 1925 921 1988 operarum
941 1903 1089 1968 officinae
1106 1906 1324 1988 quamtumvis

58 2012 268 2096 praestantis
292 2031 431 2096 errorss3
454 2011 510 2095 qui
534 2031 572 2075 eo
596 2010 726 2075 facilius
749 2015 883 2096 potuere
902 2011 1083 2096 provenire,
1106 2011 1192 2095 quod
1212 2013 1323 2078 multis

56 2139 226 2204 passuum
250 2118 382 2183 milibus
405 2117 592 2182 habitamus
616 2118 751 2182 seiuncti
776 2118 817 2182 ab
842 2140 880 2182 ea
903 2117 991 2200 urbe,
1017 2117 1072 2182 ubi
1097 2118 1180 2183 liber
1199 2119 1250 2184 hio
1270 2142 1322 2184 er·

59 2246 202 2311 pressus
226 2229 275 2289 est
297 2225 394 2308 typis.

160 2330 249 2397 Haec
286 2352 369 2414 quae
402 2335 589 2415 persecutus
622 2353 693 2396 sum
728 2335 765 2395 ut
796 2332 1032 2415 evincerentur,
1069 2333 1325 2399 extraordinaria

59 2460 153 2524 opus
178 2438 242 2503 fuit
264 2437 433 2502 industria.
478 2437 592 2522 Itaque
617 2441 773 2523 quantum
798 2459 875 2502 cura
899 2437 1141 2524 diligentiaque,
1167 2443 1322 2523 quantum

58 2545 255 2627 sumptibus
289 2545 528 2629 impendiisque
560 2545 666 2629 potuit
698 2545 818 2628 caveri,
855 2550 892 2610 ut
923 2544 1006 2609 liber
1038 2551 1150 2611 noster
1181 2546 1325 2629 prodiret

60 2674 169 2737 quam
206 2651 480 2737 castigatissimus
513 2657 546 2717 et
575 2651 871 2736 emendatissimus,
908 2652 1097 2736 plenissime
1130 2654 1323 2718 contulimus

57 2758 323 2844 plurimumque,
350 2763 389 2822 ut
416 2782 475 2842 par
503 2763 587 2844 erat,
616 2781 732 2844 operae
760 2760 948 2824 navavimus
972 2760 1214 2826 commentariis
1238 2765 1323 2826 recte

58 2864 314 2933 constituendis.
1280 2880 1283 2885 ’

159 2971 282 3050 Quodsi
311 2993 352 3036 ne
380 2972 427 3037 sic
451 2973 582 3057 quidem
608 2975 641 3036 in
664 2973 752 3038 hisce
776 2995 888 3039 omnes
911 2978 1045 3058 potuere
1068 2975 1164 3039 vitari
1187 2996 1322 3059 errores,

58 3086 98 3144 ct
134 3077 392 3144 imbecillitatem
426 3085 560 3144 naturae
595 3081 753 3145 humanae
783 3103 995 3164 somnumque
1024 3082 1122 3167 longo
1151 3083 1240 3167 operi
1268 3083 1323 3148 ob·

58 3189 235 3270 repentem
260 3187 462 3251 excusabunt
484 3186 604 3252 iudices
629 3186 755 3251 candidi
778 3210 881 3272 neque
905 3211 1039 3271 parvam
1059 3190 1172 3272 culpae
1190 3195 1322 3254 nostrae

58 3297 196 3378 partem
218 3293 253 3358 in
273 3292 480 3359 Gerlachium
499 3294 791 3378 Quicheratumque
816 3294 991 3359 conferent.
1029 3296 1153 3372 Quibus
1175 3296 1322 3381 equidem

58 3400 177 3464 minus
211 3422 397 3484 succenseo,
435 3401 520 3484 quod
553 3401 591 3465 de
624 3401 787 3466 codicibus
820 3401 1078 3487 editionibusque
1111 3425 1207 3489 saepe
1239 3403 1323 3468 falsa

59 3506 265 3572 rettulerunt
284 3529 381 3592 quam
401 3507 485 3592 quod
505 3508 636 3572 omnino
656 3529 711 3573 eos
730 3508 836 3592 latuit,
856 3530 1054 3593 quamquam
1075 3510 1322 3594 suppetentibus

60 3613 195 3679 abunde
232 3612 302 3679 viae
334 3615 482 3680 rectioris
515 3615 684 3699 exemplis,
720 3637 784 3698 quo
818 3615 913 3679 modo
947 3620 1033 3680 esset
1066 3621 1241 3700 apparatus
1273 3616 1321 3680 in-

61 3721 256 3804 struendas,
291 3721 345 3806 qui
378 3722 600 3786 commoditati
632 3721 805 3786 inserviret
837 3723 1005 3788 lectorum.
1051 3722 1113 3799 Qui
1144 3723 1172 3787 si
1200 3725 1321 3788 maiore

60 3831 179 3893 essent
200 3826 250 3891 usi
273 3827 430 3912 sollertia,
455 3833 609 3913 quantam
634 3827 666 3892 id
691 3828 785 3892 nobis
809 3829 933 3894 adferre
957 3831 1103 3916 potuisse
1126 3852 1237 3895 censes
1262 3831 1321 3895 uti-

60 3932 220 3999 litatem?

156 4038 227 4105 Iam
263 4045 299 4106 ut
337 4063 462 4106 errores
494 4045 527 4106 in
560 4044 621 4108 bae
654 4048 746 4128 parte
780 4045 887 4129 operis
921 4050 1075 4130 quantum
1109 4050 1221 4130 posset
1252 4045 1322 4109 fieri

62 4147 210 4214 maxime
225 4148 477 4234 conciderentur,
496 4149 528 4213 id
544 4151 747 4234 potissimum
765 4151 955 4235 studuimus,
970 4157 1007 4216 ut
1021 4153 1213 4237 gravissima
1228 4174 1323 4236 quae·

61 4278 131 4343 qus
160 4277 255 4340 quam
286 4254 527 4321 accuratissime
555 4279 833 4342 persequeremur,
861 4264 898 4321 ut
925 4259 1050 4322 minuta
1073 4281 1110 4323 eo
1135 4282 1198 4345 quo
1223 4260 1322 4345 digna

62 4368 180 4427 essent
201 4362 400 4428 haberentur
424 4365 504 4428 loco.

154 4467 264 4555 Atque
300 4469 376 4535 hinc
412 4471 553 4555 primum
589 4471 766 4555 repetenda
803 4493 885 4555 quae
922 4470 960 4534 de
998 4471 1163 4536 doctorum
1204 4474 1319 4539 studiis

57 4576 228 4645 Nonianis
251 4599 347 4661 parce
371 4581 499 4642 etcum
525 4578 647 4643 delectu
672 4578 828 4643 adhibitis
852 4579 946 4643 initio
970 4579 1036 4642 dixi
1059 4579 1174 4663 capitis
1194 4581 1239 4646 lV
1258 4604 1318 4647 nec

59 4685 176 4751 minus
199 4684 302 4749 multa
324 4706 406 4770 quae
431 4708 504 4750 mox
529 4709 599 4750 sum
624 4690 869 4752 memoraturus.

155 4790 263 4878 Igitur
304 4795 342 4857 ut
373 4791 504 4876 singula
536 4794 602 4858 iam
632 4814 876 4880 persequamur,
913 4793 1035 4858 coactis
1068 4791 1208 4876 undique
1240 4815 1321 4877 quae
