3164 5326
168 313 232 377 196
606 316 742 372 NONIVS
760 315 981 373 MARCELLVS

167 405 212 445 roo.
227 404 266 444 rar
279 403 309 445 lt

254 495 459 544 measure
490 501 566 562 pars
598 502 681 545 nove
712 482 835 567 posita,
867 482 1034 567 quaniibas
1066 481 1202 547 infinita
1247 482 1418 549 Lucretius
1438 496 1458 544 1⁴

165 584 220 649 lib.
245 584 305 650 VI:

326 725 410 777 quam
429 710 466 764 eil
483 709 601 779 parvula
617 727 681 781 pars
700 713 730 766 et
747 726 832 782 quam
851 711 1015 767 multesima
1032 714 1151 771 constet.

253 835 517 904 osssamermE,
531 842 589 905 pro
604 820 737 886 miseria
751 820 803 887 vel
817 821 1048 888 misericordia.
1073 823 1191 888 Accius
1202 821 1421 907 Astyanacte:

326 941 439 997 Trbiast
457 941 549 998 besbis:
570 942 672 1011 quaere
691 960 725 997 ex
743 943 815 1014 aliis,
834 943 883 1015 qui
901 943 978 1000 illius
997 945 1192 1002 miseribidine

324 1024 427 1077 nomen
446 1022 552 1078 clarum
570 1022 600 1077 in
616 1022 720 1077 cumuli
738 1039 805 1080 saxo
823 1022 920 1080 mrilbia
938 1027 1096 1081 memorant
1112 1026 1237 1082 vocibus
1440 1032 1458 1080 14

253 1132 339 1197 idern
362 1131 596 1218 Alphesiboea:

323 1270 386 1310 cum
404 1255 467 1325 ipsi
484 1254 597 1310 simeilu
614 1255 779 1311 miseritudo
797 1258 922 1312 meorum
941 1257 1048 1313 nullasb
1067 1257 1207 1314 liberum?

253 1382 468 1450 MESTITVDO,
491 1388 550 1450 pro
574 1365 726 1432 mestitia.
773 1365 892 1431 Accius
916 1364 1073 1452 Telepho:

324 1529 420 1544 .....
440 1504 525 1557 quem
543 1489 590 1542 ubi
609 1488 706 1558 aspexi
724 1488 787 1558 ego,
805 1488 896 1543 virum
915 1489 1126 1545 memorbbilem

325 1566 399 1622 intui
417 1568 536 1638 viderer,
553 1568 583 1623 ni
601 1571 719 1625 vestibus
738 1569 837 1636 taeter,
855 1568 1016 1637 mestitudo,

324 1646 468 1703 vastitudo
486 1648 682 1719 praedicarent
698 1648 841 1705 hominem
859 1666 921 1705 esse
938 1652 1159 1707 obiecisrimum.

253 1756 391 1823 Plautus
414 1758 599 1824 Aulularia:

323 1881 370 1935 cui
387 1882 470 1936 tanta
487 1881 564 1936 mala
580 1879 790 1952 mestitudoque
808 1881 920 1953 optigit:

252 2008 470 2069 uramara,
492 2013 552 2075 pro
574 1991 807 2077 magnitudine.
844 1992 961 2058 Accius
986 1992 1140 2060 Bacchis:

325 2156 353 2171 ..
372 2131 439 2170 nam
456 2129 547 2183 neque
565 2117 610 2168 sat
628 2113 699 2185 fingi
716 2130 809 2183 neque
827 2114 883 2170 dici
900 2117 996 2185 potest

324 2211 375 2264 pro
393 2194 559 2265 mbgnibabe.

253 2322 447 2370 micanum
474 2305 596 2369 dictum
623 2327 683 2390 pro
711 2304 919 2370 macilentum
946 2305 1091 2372 Lucilius
1119 2308 1238 2391 prohat
1267 2307 1322 2374 lib.
1347 2307 1396 2373 Vl
1408 2332 1416 2373 :

324 2427 348 2482 si
367 2426 450 2495 nosti,
468 2442 524 2482 non
542 2443 661 2499 maguus
679 2426 799 2495 homost,
818 2429 938 2498 nasutu',
957 2429 1101 2485 macellus.

252 2553 405 2621 ulcorra,
428 2559 488 2622 pro
511 2536 622 2602 macie.
659 2536 819 2604 Pacuvius
844 2537 1016 2605 Periboea:
1040 2535 1057 2627 ΙΙ

588 2675 744 2730 corpusque
763 2664 856 2719 merim
872 2661 927 2717 tali

323 2743 441 2808 merore,
460 2756 585 2813 aegrote,
603 2744 715 2831 mpcbre
735 2745 822 2801 aarum.

164 2860 375 2869 ...η-ρ*-

255 2954 288 3002 10
306 2947 354 3017 Vl,
374 2954 425 3003 obl
444 2948 454 3017 l
473 2953 506 3001 13
525 2947 625 3002 Accius
643 2949 815 3017 Astyanacte
833 2950 843 3017 ss
864 2954 895 3002 16
914 2946 1015 3002 Accius
1034 2947 1247 3019 Alphesiboea!
1261 2954 1295 3004 18
1314 2947 1416 3004 Accius

164 3027 312 3101 Telephon
326 3027 417 3098 221V,
434 3035 475 3099 10,
488 3034 504 3082 2
518 3030 528 3099 fl
541 3027 687 3084 acherius
697 3028 814 3084 Bacchis
828 3031 837 3100 i
851 3033 884 3083 27
899 3026 964 3085 Luc.
975 3026 994 3081 L
1005 3026 1043 3082 VI
1056 3031 1066 3100 l
1080 3034 1114 3084 29
1124 3027 1261 3084 Pacuvius
1271 3029 1415 3086 Periboea.

255 3244 293 3299 10
312 3242 483 3298 Multissima
503 3246 533 3311 (i.
552 3262 573 3299 e.
592 3243 778 3312 Multessima)
797 3245 833 3315 91.
848 3275 882 3284 -
897 3243 936 3298 12
954 3262 1038 3313 quam
1059 3242 1097 3298 sit
1114 3243 1215 3314 Lam
1233 3262 1318 3313 quam
1337 3244 1366 3300 0.
1381 3276 1414 3286 -

164 3326 326 3379 multesima
343 3324 391 3395 L,.
407 3356 439 3364 -
456 3326 567 3379 constat
580 3325 617 3393 L,
633 3323 788 3395 H,.-1o
807 3341 857 3394 pro
875 3324 988 3379 miseria
1006 3324 1088 3395 prdia
1100 3324 1148 3394 L,.
1164 3355 1197 3364 -
1212 3324 1415 3396 Misericudine,

166 3405 280 3459 miseria
297 3407 333 3476 pl.
358 3436 391 3445 —
407 3411 477 3474 pulo
495 3404 610 3459 miseria
632 3406 678 3459 rel
701 3406 857 3471 delendum,
881 3422 941 3459 caro:
959 3402 1125 3458 miseritudo
1144 3405 1176 3458 ior
1192 3420 1244 3474 req.
1264 3407 1323 3462 loco
1340 3413 1415 3462 atre

163 3504 213 3555 que
236 3487 293 3540 dici
315 3487 442 3540 rideatur
461 3502 515 3555 pro
538 3484 737 3541 misericordia.
759 3516 792 3524 -
810 3484 974 3540 Asbiauacbe
997 3485 1031 3540 L.
1051 3514 1084 3524 -
1106 3481 1143 3538 14
1161 3483 1246 3539 'ihoia
1264 3487 1309 3540 est
1325 3487 1416 3555 testis,

163 3583 199 3620 sc.
219 3567 331 3619 virtutis
349 3565 484 3621 Hectoris.
501 3596 534 3606 -
550 3566 602 3621 alis
621 3566 669 3637 L1.
684 3597 717 3605 —
732 3564 809 3618 illius
828 3583 991 3634 poeniceam
1006 3570 1095 3635 poteet
1108 3583 1225 3635 aequore
1237 3567 1416 3635 tribrachum,

163 3651 254 3700 tamen
283 3646 342 3699 cius
369 3649 554 3715 reponendum
581 3663 638 3702 reon
664 3646 843 3715 improbabile
867 3651 913 3699 cet.
937 3677 970 3685 -
994 3644 1188 3700 miseritudine
1211 3648 1253 3701 ed.
1275 3665 1302 3702 a
1326 3652 1416 3716 1476,-

162 3726 384 3780 miseritudinem
396 3727 425 3782 G.
436 3758 470 3767 -
482 3728 518 3783 15
531 3726 634 3782 tumuli
644 3726 830 3794 Docotrcru85
844 3726 923 3780 umili
933 3727 970 3794 L,
984 3726 1085 3780 humili
1098 3725 1139 3792 H,
1156 3726 1191 3781 G.
1200 3729 1267 3796 -ί,
1282 3728 1416 3785 versibus.

162 3839 195 3847 —
217 3807 254 3861 16
281 3806 451 3875 Alpesiboea
473 3807 507 3864 L.
526 3838 560 3847 -
581 3807 615 3861 17
645 3823 709 3860 cum
732 3806 795 3875 ipsa
816 3808 975 3875 obscurum
1001 3807 1022 3873 f.
1046 3823 1110 3861 oum
1133 3805 1230 3876 ipsiu',
1258 3810 1284 3863 b.
1308 3826 1330 3863 c.
1352 3824 1417 3863 oum

160 3885 355 3941 misericordia
385 3887 486 3955 ipsius:
518 3892 551 3940 ot
581 3887 663 3941 verba
690 3888 748 3941 sint
776 3887 970 3955 Alphesiboeae
996 3887 1030 3941 dc
1056 3888 1202 3954 frolnbuc.
1231 3920 1262 3929 —
1289 3886 1416 3957 simmia:

164 3968 260 4021 simitu
284 3968 418 4035 Bolbiue;
442 3967 544 4021 simela
568 3965 597 4021 0.
617 3996 651 4006 -
670 3984 796 4020 meorum
826 3967 953 4036 Vesana·
975 3985 1070 4022 eorum
1096 3967 1349 4037 0.-121u11aest
1371 3969 1417 4036 Η,·

161 4047 221 4100 ullu
245 4050 288 4102 est
310 4049 384 4113 rell.‚·
407 4048 485 4101 nulla
503 4048 546 4101 esi
564 4047 601 4101 D.
621 4047 764 4102 Heirrar'as.
784 4078 817 4087 -
838 4047 875 4102 18
894 4047 1063 4103 Maeslitudo
1082 4065 1134 4117 pro
1151 4048 1299 4104 maestitia
1316 4048 1416 4106 me·

165 4159 194 4167 -
214 4127 311 4183 Teleio
336 4128 365 4183 G.
386 4159 418 4168 -
439 4127 521 4197 loq.
544 4125 595 4182 ubi
618 4143 677 4197 asp.
701 4144 754 4197 ego
774 4127 822 4191 M;
845 4144 871 4195 q.
891 4143 944 4196 ego
963 4126 1014 4181 ubi
1032 4144 1090 4196 asp.
1109 4144 1135 4182 o.
1154 4158 1188 4167 -
1206 4128 1252 4183 vir
1269 4128 1308 4196 0;
1325 4130 1416 4186 virum

166 4209 262 4263 Vrbin.
288 4212 356 4275 307,
378 4225 402 4262 c.
424 4239 456 4247 -
476 4205 665 4262 venerabilem
688 4208 877 4261 Buechelerae.
897 4237 931 4246 -
950 4206 988 4261 20
1007 4211 1077 4275 pato
1101 4207 1193 4260 taeter
1210 4208 1242 4262 ni
1259 4226 1286 4263 v.
1304 4216 1417 4280 proptor

160 4307 183 4344 r.
202 4308 236 4344 m.
256 4319 289 4328 -
309 4288 344 4342 ‘ll
364 4289 534 4343 maestitudo
554 4288 592 4345 Η.
611 4318 645 4328 -
663 4287 719 4343 abi.
739 4288 803 4341 odd.
825 4288 861 4341 M
864 4310 875 4356 ;
893 4285 1119 4342 obscurissimum
1137 4286 1314 4346 Ribbeclr'aa.
1328 4322 1365 4331 -
1379 4288 1417 4347 2⁸

161 4369 205 4423 cui
229 4369 288 4424 cdd.
309 4369 368 4436 Pr.‚·
391 4367 440 4436 qui
464 4367 492 4423 0.
513 4398 545 4407 -
565 4367 640 4421 mala
662 4370 682 4421 t.
707 4367 832 4422 Bolhiua.
852 4399 884 4408 -
904 4368 962 4422 obt.
984 4368 1018 4423 G.
1038 4398 1071 4407 -
1091 4365 1129 4422 24
1147 4368 1267 4424 Bacchis
1286 4371 1416 4439 Beria,-

160 4465 258 4502 vacces
278 4447 307 4502 G.
328 4480 360 4488 -
381 4448 417 4503 25
437 4449 496 4502 cdd.
516 4464 684 4527 nam-quae:
704 4465 795 4516 neque
814 4450 853 4502 ed.
873 4465 899 4501 a.
919 4451 1007 4515 148ος
1029 4464 1094 4502 uam
1112 4464 1204 4517 neque
1225 4450 1416 4521 Quicherum,

160 4531 208 4597 qui
231 4530 303 4594 soleo
322 4529 456 4582 adscribit
474 4528 602 4582 Bestiae.
622 4559 654 4567 -
675 4545 710 4582 ne
729 4527 786 4582 dici
805 4529 841 4594 L,
859 4529 917 4599 ΗΠ·
937 4529 971 4596 cs.
990 4530 1131 4583 commin
1148 4529 1249 4585 Plauti
1269 4532 1417 4590 Menaech-

161 4625 265 4662 morum
283 4626 307 4663 c.
322 4626 370 4678 pp.
390 4614 428 4662 69
445 4626 466 4663 s.
486 4610 503 4662 l.
523 4624 648 4676 coepere.
667 4639 697 4648 —
713 4608 750 4662 28
768 4609 854 4664 homo
873 4613 926 4675 osb,
943 4611 1061 4663 nasutas
1080 4626 1130 4665 om.
1150 4611 1191 4677 L;
1208 4613 1350 4668 nansuiur
1363 4612 1417 4687 H„

160 4719 195 4727 -
214 4688 230 4742 1
252 4689 317 4743 labe
336 4688 448 4742 Berlin.
469 4687 540 4757 (tabi
559 4688 745 4758 Ribbccliue)‚
763 4691 840 4744 mole.
857 4723 888 4730 -
904 4689 922 4744 2
941 4706 1056 4760 aegrote
1079 4689 1193 4746 Lacbm.
1213 4708 1308 4751 comm.
1328 4692 1416 4755 Lacr.
1438 4722 1455 4729 --

159 4784 206 4837 po.
226 4774 296 4835 4103
315 4786 407 4825 errore
426 4772 515 4838 (error
533 4768 571 4840 L)
590 4769 618 4824 0.
639 4801 673 4810 -
693 4772 782 4825 semet
799 4770 853 4842 Hr-
