3164 5326
366 314 415 368 DII
434 310 625 368 conlclevs
644 313 684 367 IN
703 310 775 366 nhc
794 308 969 366 EDITIONE
989 309 1182 366 ADHIBITIS.
1336 307 1400 373 307

147 478 336 543 levissimae
360 499 430 542 esse
453 477 528 541 fidei
549 478 718 541 etaetatis
738 475 977 540 recentissimae
996 475 1047 540 vel
1065 473 1138 539 inde
1158 472 1248 558 sequi
1266 472 1403 555 videtur,

152 585 239 670 quod
266 586 339 670 143,
365 585 405 651 18
428 584 642 668 interpolatus
666 589 777 648 estex
801 582 975 647 Prisciano.

240 698 426 785 Sequuntur
449 700 574 765 codices
597 699 653 784 qui
676 699 808 764 tertium
831 702 959 763 tantum
983 701 1081 781 eaput
1103 698 1276 773 continent

240 814 291 880 Ex
313 815 430 900 quibus
453 816 559 900 primo
583 815 655 880 loeo
678 814 905 880 memorandus
929 819 980 878 est
1002 811 1239 877 Genevensis
1264 811 1402 876 biblio·

147 925 288 989 thecae
315 924 496 1009 publicae
524 946 621 990 num.
644 922 687 988 84
715 923 837 988 forma
864 920 1055 1006 quadrata
1083 920 1187 983 binis
1211 920 1402 985 columnis

147 1031 375 1115 discriptus.
421 1027 574 1096 Saeculi
597 1036 669 1114 est,
698 1033 740 1094 ut
763 1028 942 1113 Hagenus
967 1032 1005 1092 'et
1028 1026 1230 1111 Meylanus
1253 1031 1402 1091 testen-

147 1143 228 1223 tur,
254 1136 294 1202 X.
339 1136 472 1222 Paginis
495 1139 540 1202 44
569 1141 710 1222 constat3
745 1159 782 1201 ex
817 1136 933 1221 quibus
966 1140 1074 1199 tamen
1109 1134 1242 1199 ultimae
1274 1137 1403 1199 tantum
1455 1118 1458 1123 “

147 1245 262 1330 priore
288 1246 472 1311 continetur
495 1243 635 1326 Nonius3
661 1265 726 1310 nou
753 1243 808 1328 53,
836 1248 874 1306 nt
901 1242 980 1306 dicit
1003 1241 1182 1324 Meylanus.
1228 1239 1289 1316 Qui
1313 1240 1403 1305 addit

147 1351 185 1415 in
215 1350 322 1435 priore
350 1356 444 1436 parte
472 1352 627 1434 tricenos,
655 1350 728 1415 dein
755 1350 885 1414 vicenos
909 1369 1052 1412 novenos
1076 1347 1190 1412 haberi
1214 1369 1336 1413 versus.
1359 1383 1403 1395 —

152 1456 255 1523 Plura
279 1458 362 1543 apud
387 1457 521 1522 eundem
546 1457 654 1521 videre
678 1460 729 1522 est
751 1477 805 1541 pg.
831 1456 872 1520 10
887 1476 956 1541 sqq.

243 1581 452 1648 Correcturae
479 1581 558 1647 setis
586 1582 709 1647 multae
734 1582 769 1645 in
792 1580 914 1664 codiee,
942 1600 1079 1664 quorum
1103 1580 1141 1644 de
1166 1586 1297 1645 auctore
1319 1581 1401 1644 nihil

150 1693 304 1755 notatum
337 1690 378 1755 ab
405 1688 554 1775 Hageno.
600 1689 645 1753 Ae
671 1688 840 1772 Meylanus
873 1690 1002 1772 praeter
1032 1686 1172 1769 primam
1204 1709 1337 1751 manum
1370 1691 1403 1751 et

152 1796 330 1861 secundam
359 1796 392 1859 in
420 1795 599 1879 posteriore
629 1796 768 1858 maxime
796 1798 888 1879 parte
917 1792 1035 1858 codicis
1063 1794 1194 1858 tertiam
1217 1816 1403 1879 comparere

151 1903 340 1987 frequenter
368 1904 499 1986 asserit,
527 1901 607 1966 satis
636 1902 796 1966 diversam
820 1901 910 1964 illam
935 1923 954 1965 a
976 1900 1153 1983 prioribus,
1182 1900 1238 1965 sed
1262 1901 1402 1965 eiusdem

152 2031 238 2094 quae
261 2010 409 2074 videatur
432 2010 558 2073 aetatis.
604 2006 673 2073 Nos
697 2030 769 2073 oum
792 2008 917 2072 ratione
942 2011 975 2070 et
997 2006 1092 2071 modo
1116 2007 1198 2072 nihil
1222 2006 1364 2074 differret
1387 2031 1406 2073 a

151 2115 294 2202 relicuis,
317 2139 389 2182 eam
413 2137 478 2181 non
503 2118 689 2200 putarimus
714 2113 948 2179 secernendum.

243 2238 465 2305 Genevensem
489 2262 515 2305 a.
542 2240 625 2305 1871
655 2239 688 2302 in
717 2261 794 2303 usus
822 2242 954 2303 nostros
982 2238 1121 2302 contulit
1147 2227 1344 2323 Hagenus,
1375 2245 1408 2305 et

154 2346 287 2432 quidem
324 2347 571 2412 accuratissime.
619 2344 771 2411 Ceterum
808 2367 881 2410 eum
919 2344 1055 2430 graphio
1092 2345 1243 2429 plumbeo
1275 2349 1408 2411 notatae

153 2454 398 2540 dittographiae
416 2458 467 2519 tot
486 2476 644 2519 annorum
665 2453 799 2518 decursu
817 2452 871 2518 hie
889 2453 955 2517 illie
978 2452 1100 2536 aliquid
1120 2454 1296 2518 traxissent
1315 2453 1410 2537 labis,

154 2561 325 2627 commode
358 2561 465 2625 euenit
497 2565 533 2624 ut
560 2582 589 2626 a.
620 2560 704 2625 1886
736 2559 925 2644 vulgaretur
952 2559 1083 2623 collatio
1112 2558 1282 2644 Meylani
1311 2582 1409 2644 opera

153 2667 258 2751 facta3
282 2690 346 2753 qua
368 2666 524 2753 quaedam
549 2667 582 2729 in
606 2667 708 2750 copiis
731 2665 853 2730 nostris
877 2665 928 2729 vel
952 2665 1190 2751 corrigerentur
1211 2667 1264 2731 rel
1284 2668 1410 2751 supple

154 2776 282 2857 rentur;
314 2795 508 2858 quamquam
540 2773 597 2837 ubi
631 2772 729 2838 dubia
762 2779 831 2837 erat
864 2793 915 2836 res
945 2776 981 2836 ut
1008 2772 1184 2855 plurimum
1213 2774 1409 2858 sequendum

156 2880 308 2946 duximus
333 2880 511 2966 Hagenum.

248 3001 357 3068 Codex
381 3005 466 3070 inter
488 3005 789 3089 praestantissimos
812 3027 872 3070 nec
891 3005 1023 3070 inferior
1042 3005 1144 3069 multo
1164 3003 1341 3069 Harleiano
1361 3006 1417 3069 vel'

155 3110 369 3196 [lugdunensi
402 3109 567 3198 (propiore
602 3112 795 3196 cognatione
828 3112 936 3196 tangit
967 3110 1074 3191 illum)
1107 3110 1250 3196 adeoque
1281 3113 1412 3196 propria

155 3217 319 3303 quaedam
353 3219 541 3303 suppeditat
573 3219 667 3284 bona.
694 3255 729 3264 —
762 3217 1004 3302 Orthographia
1037 3218 1205 3282 simillima
1236 3217 1412 3283 Harleiani.

156 3324 365 3390 Assimilatio
389 3326 668 3410 praepositionum
691 3326 800 3409 paullo
824 3325 930 3389 minus
954 3325 1114 3408 frequens.

250 3447 353 3513 Porro
378 3449 493 3513 similis
518 3448 690 3514 admodum
710 3448 909 3515 Genevensis
933 3449 1009 3515 libri
1031 3449 1095 3513 fuit
1113 3449 1414 3533 Tornaesianus,

158 3559 298 3638 excepto
327 3556 410 3640 quod
440 3577 588 3621 maneum
617 3555 717 3620 fuisse
742 3557 911 3641 probabile
935 3559 993 3620 est.
1039 3555 1089 3620 Ex
1114 3578 1151 3621 eo
1176 3557 1414 3642 dittographias

160 3682 286 3747 paucas
315 3661 423 3727 inveni
452 3662 593 3727 adiectas
622 3663 760 3747 margini
790 3662 939 3726 editionis
967 3661 1158 3727 Basiliensis
1187 3684 1290 3747 nuper
1318 3686 1337 3726 a
1364 3683 1414 3725 me

159 3772 307 3853 emptae,
333 3790 414 3853 quae
439 3767 516 3832 olim
541 3767 648 3833 fuerat
669 3767 780 3834 iacobi
804 3768 948 3832 Beckeri.
994 3766 1027 3832 Is
1052 3776 1220 3853 acceperat
1243 3792 1262 3834 a
1286 3767 1415 3834 Schnei—

160 3876 301 3959 dewin0‚
323 3875 506 3959 professore
525 3876 685 3960 quondam
707 3875 923 3961 Gottingensi,
943 3876 998 3961 qui
1018 3875 1234 3959 descripserat
1253 3898 1290 3941 ex
1311 3875 1417 3940 Dueb·

160 3982 235 4047 neri
267 3983 444 4068 exemplari
471 3980 679 4046 Mercariano
724 3981 773 4046 Of.
802 4004 916 4047 comm.
945 3983 1067 4047 doctor.
1096 3981 1244 4067 Gotting.
1273 4006 1299 4048 a.
1331 3985 1417 4050 1843

160 4112 194 4174 p.
218 4086 251 4151 II
276 4107 328 4171 pg.
353 4088 479 4173 tobsq.
525 4085 594 4151 Nec
621 4109 697 4152 vero
722 4086 913 4153 Duebnerus
943 4090 1014 4174 ipso
1038 4111 1114 4153 usus
1139 4094 1190 4154 est
1212 4090 1335 4175 codice,
1363 4090 1418 4154 sed

161 4216 204 4259 ex
229 4193 372 4258 editione
391 4194 528 4279 quadam
551 4196 760 4278 transcripsit
779 4217 860 4280 quae
881 4196 956 4261 dixi.
998 4195 1165 4260 Pertinent
1189 4201 1339 4282 excerpta
1361 4196 1418 4261 illa

163 4302 207 4367 ab
231 4300 327 4365 initio
351 4300 467 4384 eapitis
491 4299 536 4364 IV
563 4299 604 4364 ad
627 4301 703 4385 314,
728 4302 777 4367 19.

254 4423 449 4490 Genevensis
469 4425 568 4490 etiam
588 4425 788 4491 simillimum
804 4424 1168 4512 Cantabrigiensem
1188 4428 1242 4512 qui
1261 4428 1340 4492 olirn
1357 4426 1420 4490 fuit

163 4531 325 4598 Iohannis
353 4531 485 4615 Moorii,
512 4533 656 4617 episcopi
685 4532 840 4617 Eliensis,
871 4537 1009 4598 testatur
1033 4532 1315 4618 Zangemeisterus
1338 4533 1420 4598 Mus.

165 4640 271 4705 Rhen.
295 4637 452 4722 XXXIII,
474 4640 548 4704 464.
572 4676 613 4686 -
637 4638 699 4703 Est
722 4639 841 4704 saeculi
867 4638 926 4723 IX,
950 4640 1111 4724 scriptura
1134 4638 1341 4729 CarolIngica
1363 4641 1420 4705 rni-

167 4747 322 4830 nuscula,
350 4745 509 4811 columnis
537 4746 622 4811 binis
652 4751 811 4811 exaratus.
857 4746 1000 4832 Paginae
1027 4753 1094 4813 tres
1116 4749 1149 4811 in
1174 4749 1237 4812 fine
1261 4771 1332 4812 cum
1358 4749 1422 4813 sint

1152 4854 1208 4906 ‘20⁸
