3164 5326
472 363 520 418 DE
540 363 801 421 conpuuolosa
819 364 1003 420 Docuslus
1024 364 1137 420 NONII.
1363 366 1426 428 247

173 530 288 594 celeri
312 531 498 612 facilique
523 531 734 611 compendio
761 531 904 594 ducerent
929 534 986 593 aut
1008 529 1145 594 tourims
1167 531 1242 594 attis
1263 531 1328 593 iam
1350 531 1430 594 vilae

175 639 306 719 repotiis
330 642 489 720 ornandos
511 658 532 700 α
556 637 640 720 turpi
661 641 737 701 certe
759 636 930 718 cqrcstique
951 656 1057 699 reram
1078 641 1169 717 abac
1190 637 1349 701 verborum
1371 638 1427 702 im-

173 745 291 824 peritia
312 746 513 809 oinrtr'carent.

263 852 371 935 Atque
400 856 436 915 ut
459 850 585 914 Gellius
608 850 729 915 Noctes
753 851 880 914 Atticas
910 848 1021 913 liberie
1043 851 1252 934 potissimum
1277 850 1354 932 suia,
1380 852 1427 915 ita

173 955 302 1020 Nonius
326 955 597 1040 (lornpendiosam
626 957 808 1021 doctrinam
835 955 1010 1020 destinavit
1032 957 1109 1021 filio.
1155 957 1263 1021 Etiam
1288 957 1427 1022 indicem

172 1063 264 1145 operi
291 1065 427 1149 abipso
451 1063 548 1127 Gellii
572 1063 719 1146 exemplo
743 1068 822 1146 puto
847 1061 1018 1146 adiectum,
1040 1069 1074 1128 et
1096 1063 1225 1147 quidem
1249 1065 1327 1127 item
1350 1070 1426 1147 post

171 1172 423 1254 prael'ationem3
451 1192 549 1254 quam
575 1169 679 1233 videri
703 1170 855 1234 haustam
878 1168 964 1233 infra
988 1169 1229 1234 demonstrabo.
1255 1208 1297 1217 —
1322 1159 1427 1235 Gellio

172 1281 283 1340 autern
308 1277 422 1340 indicis
446 1272 676 1360 praemittendi
700 1280 849 1340 auctores
872 1277 962 1341 fuere
986 1277 1052 1360 alii,
1074 1276 1218 1361 adeoque
1237 1278 1305 1362 ipse
1325 1278 1426 1341 erudi·

170 1383 272 1447 tionis
300 1383 422 1447 latinas
449 1405 566 1466 parens
595 1383 715 1466 Varro,
746 1405 767 1446 a
794 1404 859 1467 qno
887 1386 925 1446 ut
951 1386 1081 1447 constat
1107 1384 1142 1446 in
1169 1383 1262 1447 libris
1290 1384 1329 1447 de
1357 1385 1426 1447 vita

171 1490 286 1573 populi
305 1489 446 1554 Romani
469 1489 632 1572 capitibus
657 1491 809 1574 apposita
832 1491 995 1573 lemmata,
1017 1490 1066 1554 ita
1089 1490 1200 1553 eadem
1222 1490 1373 1554 instituta
1393 1493 1427 1555 in

170 1597 218 1662 eia
242 1597 298 1680 qui
323 1598 410 1660 luere
432 1597 471 1660 de
494 1598 591 1661 rebus
614 1597 767 1661 humanis
791 1602 824 1662 et
846 1596 964 1662 divinis
987 1598 1125 1682 aliisque
1146 1598 1295 1680 pluribus
1315 1620 1425 1662 omnes

170 1704 272 1768 habet
295 1725 447 1768 numeros
471 1704 723 1787 probabilitatis,

262 1811 363 1875 Porro
386 1810 427 1874 ab
446 1809 736 1893 interpolatoribus
755 1809 808 1894 (de
829 1832 892 1893 qua
910 1831 945 1873 re
965 1811 1028 1874 iarn
1049 1811 1198 1875 Osaunus
1218 1817 1426 1876 commentor.

170 1919 205 1982 in
231 1916 307 1981 hist.
330 1918 395 1982 litt.
418 1937 523 2001 graec.
548 1921 581 1980 et
604 1917 694 1982 latin.
714 1916 839 2001 11,388
863 1917 983 2000 aliique
1007 1922 1084 1981 sunt
1106 1913 1278 2001 suspicati)
1299 1917 1425 1982 videtur

169 2025 331 2089 adiectum
356 2024 434 2088 illud
452 2045 512 2106 per
534 2024 663 2107 litteras,
686 2046 758 2088 eum
782 2023 831 2088 lll
855 2027 983 2088 tanturn
1007 2045 1046 2086 ex
1069 2022 1130 2086 XX
1153 2023 1326 2106 capitibus,
1348 2047 1425 2107 pars

168 2154 248 2196 sane
272 2131 375 2195 maior
398 2130 567 2215 aliquanto
591 2153 687 2214 opere
712 2130 891 2213 dimidiato,
916 2130 972 2217 sed
995 2131 1031 2194 in
1053 2131 1104 2194 hia
1127 2152 1168 2195 ne
1192 2130 1271 2194 illud
1295 2131 1425 2215 quidem

169 2238 258 2323 qnod
282 2239 426 2303 omnium
450 2244 501 2300 est
523 2237 673 2320 primum,
697 2237 864 2321 alphabeti
887 2236 1000 2301 ordine
1024 2219 1203 2302 decutiant.

260 2344 308 2409 Ae
327 2344 425 2409 simili
445 2344 668 2408 additamento
688 2343 832 2427 eapitiV
852 2345 899 2408 ita
917 2343 1110 2428 inscriptum
1129 2344 1163 2407 in
1183 2344 1218 2426 L,
1237 2345 1277 2424 H,
1297 2345 1424 2411 Bamb.:

167 2452 290 2534 [reecpit
310 2453 347 2516 rte
368 2452 543 2531 differentia
565 2452 718 2516 senilium
739 2453 1003 2534 siprrr‘fiectionum
1020 2473 1078 2534 per
1101 2452 1227 2535 litterae,
1252 2453 1285 2515 id
1305 2457 1349 2516 est
1365 2475 1424 2536 per

167 2558 362 2624 Gtitterom.

259 2664 442 2730 Constabat
474 2669 584 2728 autem
617 2666 695 2729 olim
727 2663 965 2747 compendiosa
997 2664 1145 2729 doctrina
1177 2666 1324 2749 partibus
1353 2666 1424 2749 XX,
1488 2721 1494 2727 .

167 2796 234 2858 quo
263 2777 296 2836 et
318 2772 415 2836 Gellii
438 2771 559 2836 Noctes
583 2772 712 2835 Atticae
741 2775 776 2834 et
799 2771 887 2835 Festi
914 2771 953 2834 de
981 2772 1218 2856 significatione
1243 2773 1423 2855 verborum,

168 2880 307 2963 denique
341 2884 447 2944 aetate
480 2880 597 2943 ultima
626 2879 741 2943 Isidori
769 2878 940 2964 Originum
972 2879 1048 2943 libri
1080 2879 1169 2944 fuere
1197 2902 1339 2944 numero.
1387 2881 1423 2945 ld

168 2988 312 3071 primum
339 2990 487 3051 notatum
517 2986 769 3068 aQuicherato,
797 3008 869 3050 cum
899 2986 1044 3069 priorum
1073 2986 1232 3051 editorum
1257 2989 1307 3051 vel
1331 2988 1423 3070 igno-

167 3093 277 3157 rantia
294 3095 344 3158 vel
358 3094 485 3158 incuria
500 3115 565 3156 uon
581 3098 666 3158 esset
680 3093 840 3156 monitum
854 3093 1056 3157 intercidisse
1070 3096 1146 3176 post
1160 3096 1335 3157 tractatum
1351 3092 1423 3176 XV,

168 3200 224 3283 qui
249 3221 335 3264 nunc
358 3205 417 3282 est,
441 3223 515 3264 cum
538 3222 601 3282 quo
625 3201 663 3264 de
688 3198 908 3263 calciamentis
931 3197 1002 3284 egit
1024 3197 1159 3263 Nonius.

174 3346 178 3377 1
258 3305 429 3371 Librorum
457 3311 569 3371 canan
598 3312 654 3371 aut
677 3308 821 3390 capitum
845 3311 941 3370 notae
965 3306 1074 3370 nullas
1097 3306 1227 3370 additae
1250 3307 1284 3371 in
1308 3307 1423 3371 codici-

166 3415 245 3498 bus3
267 3436 327 3478 nee
351 3434 405 3478 eas
429 3413 550 3497 legisse
573 3413 701 3478 videtur
719 3413 917 3498 l’riscianus3
940 3413 995 3496 qui
1018 3415 1101 3478 tales
1125 3436 1256 3497 prorsus
1276 3415 1356 3478 citat
1374 3415 1421 3479 in·

167 3521 376 3605 scriptiones,
404 3521 515 3604 quales
539 3520 701 3585 habentur
723 3521 758 3584 in
782 3520 923 3585 odilione
946 3526 1073 3603 nostra,
1098 3525 1248 3605 utputa:
1271 3521 1421 3586 Nonius

167 3627 380 3692 Marcellus
417 3628 460 3690 de
497 3628 696 3692 doctorum
729 3628 919 3713 indagine.
949 3664 990 3673 —
1024 3626 1061 3691 ld
1094 3648 1169 3690 vero
1201 3649 1267 3692 non
1301 3633 1421 3692 temere

167 3735 320 3799 existimo
344 3736 475 3814 factum,
501 3756 575 3798 cum
598 3735 756 3818 quaedam
774 3740 891 3817 partes,
915 3735 1055 3798 maxime
1073 3733 1131 3817 IV,
1154 3735 1270 3816 capitis
1289 3736 1419 3799 modum

168 3842 309 3904 multum
324 3842 523 3925 excederent,
537 3842 620 3905 aliae
634 3842 732 3926 longe
746 3848 856 3906 essent
871 3841 1033 3906 breviores
1049 3863 1145 3924 quam
1160 3844 1196 3905 ut
1212 3841 1287 3905 libri
1302 3865 1421 3906 nomen

165 3954 329 4031 caperent.
366 3948 473 4031 Atque
498 3948 559 4012 hoc
582 3948 753 4031 praecipue
777 3948 864 4012 cadit
887 3948 920 4012 in
946 3947 1105 4031 ultimam,
1129 3970 1323 4032 quamquam
1349 3971 1419 4013 eam

165 4061 244 4139 post
265 4054 397 4118 initium
419 4055 589 4137 probabile
612 4058 663 4119 est
688 4060 877 4119 truncatam.

258 4160 409 4227 Ceterum
432 4183 492 4225 nos
517 4162 618 4225 secuti
641 4184 761 4225 morem
787 4162 955 4246 vulgatum
974 4164 1116 4246 eapitis
1136 4163 1265 4227 nomine
1284 4165 1420 4247 plerum-

164 4290 231 4355 que
254 4269 427 4332 citabimus
451 4268 604 4352 singulas.

259 4374 306 4438 lle
339 4376 465 4439 ratione
498 4380 531 4437 et
563 4374 699 4439 consilio
728 4373 983 4458 compendiosae
1015 4377 1181 4441 doetrinae
1210 4400 1281 4441 cunr
1312 4383 1418 4441 aetum

162 4486 254 4548 esset
281 4481 367 4545 hand
396 4482 491 4545 dubie
515 4505 534 4545 a
557 4481 664 4546 Nonio
689 4480 890 4563 praefatione
915 4481 955 4545 ad
979 4483 1080 4546 lilium
1104 4485 1195 4565 data,
1219 4509 1299 4569 quae
1325 4485 1420 4548 inter-

162 4588 248 4654 cidit
272 4625 311 4634 -
338 4588 461 4652 dicetur
484 4588 523 4651 de
546 4589 608 4652 hoc
634 4588 740 4670 eapite
764 4589 910 4671 sequenti
936 4626 985 4667 —,
1009 4589 1103 4653 nobis
1128 4613 1209 4675 quae
1235 4591 1419 4655 disserenda

161 4719 240 4764 esse
264 4695 459 4776 viderentur,
481 4694 560 4759 haec
583 4695 649 4758 lere
673 4696 804 4758 fuerunt
826 4715 864 4758 ac
886 4695 975 4758 talia.

256 4799 338 4866 Post
351 4801 591 4866 Antoninorum
609 4805 750 4866 aetatem
770 4801 900 4867 labente
919 4803 1039 4867 sensim
1052 4802 1087 4865 in
1102 4804 1284 4868 barbariem
1298 4825 1366 4888 gem
