<?xml version="1.0" encoding="UTF-8"?>
<!DOCTYPE html PUBLIC "-//W3C//DTD XHTML 1.0 Transitional//EN"
    "http://www.w3.org/TR/xhtml1/DTD/xhtml1-transitional.dtd">
<html xmlns="http://www.w3.org/1999/xhtml" xml:lang="en" lang="en">
 <head>
  <title>
</title>
<meta http-equiv="Content-Type" content="text/html;charset=utf-8" />
  <meta name='ocr-system' content='tesseract 3.04.00' />
  <meta name='ocr-capabilities' content='ocr_page ocr_carea ocr_par ocr_line ocrx_word'/>
</head>
<body>
  <div class='ocr_page' id='page_1' title='image "./nonimarcellicom00marcgoog_0278.png"; bbox 0 0 3164 5326; ppageno 0'>
   <div class='ocr_carea' id='block_1_1' title="bbox 423 328 1373 466">
    <p class='ocr_par' dir='ltr' id='par_1_1' title="bbox 423 328 1373 466">
     <span class='ocr_line' id='line_1_1' title="bbox 423 328 1373 398; baseline 0.018 -17"><span class='ocrx_word' id='word_1_1' title='bbox 423 328 470 383; x_wconf 79' lang='lat' dir='ltr'>DE</span> <span class='ocrx_word' id='word_1_2' title='bbox 490 328 659 385; x_wconf 76' lang='lat' dir='ltr'>HONESTE</span> <span class='ocrx_word' id='word_1_3' title='bbox 680 330 746 385; x_wconf 77' lang='lat' dir='ltr'>SET</span> <span class='ocrx_word' id='word_1_4' title='bbox 763 329 865 384; x_wconf 82' lang='lat' dir='ltr'>NOVE</span> <span class='ocrx_word' id='word_1_5' title='bbox 885 331 1011 387; x_wconf 84' lang='lat' dir='ltr'>DICTIS.</span> <span class='ocrx_word' id='word_1_6' title='bbox 1042 333 1073 388; x_wconf 89' lang='lat' dir='ltr'>ll.</span> <span class='ocrx_word' id='word_1_7' title='bbox 1306 332 1373 398; x_wconf 81' lang='lat'>255</span> 
     </span>
     <span class='ocr_line' id='line_1_2' title="bbox 1287 427 1372 466; baseline -0.012 -2"><span class='ocrx_word' id='word_1_8' title='bbox 1287 427 1325 466; x_wconf 81' lang='lat' dir='ltr'>nr</span> <span class='ocrx_word' id='word_1_9' title='bbox 1339 427 1372 465; x_wconf 81' lang='lat' dir='ltr'>u.</span> 
     </span>
    </p>
   </div>
   <div class='ocr_carea' id='block_1_2' title="bbox 208 491 575 577">
    <p class='ocr_par' dir='ltr' id='par_1_2' title="bbox 208 491 575 577">
     <span class='ocr_line' id='line_1_3' title="bbox 208 491 575 577; baseline 0.005 -21"><span class='ocrx_word' id='word_1_10' title='bbox 208 492 376 577; x_wconf 83' lang='lat' dir='ltr'>Turpilius</span> <span class='ocrx_word' id='word_1_11' title='bbox 399 491 575 559; x_wconf 84' lang='lat' dir='ltr'>Leucadia:</span> 
     </span>
    </p>
   </div>
   <div class='ocr_carea' id='block_1_3' title="bbox 82 599 1134 749">
    <p class='ocr_par' dir='ltr' id='par_1_3' title="bbox 82 599 1134 749">
     <span class='ocr_line' id='line_1_4' title="bbox 82 599 1061 666; baseline 0.004 -16"><span class='ocrx_word' id='word_1_12' title='bbox 82 604 98 650; x_wconf 72' lang='lat' dir='ltr'>t</span> <span class='ocrx_word' id='word_1_13' title='bbox 620 599 752 652; x_wconf 83' lang='lat' dir='ltr'>miserem</span> <span class='ocrx_word' id='word_1_14' title='bbox 771 600 878 653; x_wconf 88' lang='lat' dir='ltr'>terrent</span> <span class='ocrx_word' id='word_1_15' title='bbox 895 616 940 653; x_wconf 89' lang='lat' dir='ltr'>me</span> <span class='ocrx_word' id='word_1_16' title='bbox 959 600 1061 666; x_wconf 80' lang='lat' dir='ltr'>omnia,</span> 
     </span>
     <span class='ocr_line' id='line_1_5' title="bbox 279 676 1134 749; baseline 0.001 -16"><span class='ocrx_word' id='word_1_17' title='bbox 279 676 360 733; x_wconf 85' lang='lat' dir='ltr'>mari&#39;</span> <span class='ocrx_word' id='word_1_18' title='bbox 381 678 497 749; x_wconf 76' lang='lat' dir='ltr'>actpuli,</span> <span class='ocrx_word' id='word_1_19' title='bbox 516 678 635 746; x_wconf 87' lang='lat' dir='ltr'>sonitus,</span> <span class='ocrx_word' id='word_1_20' title='bbox 654 677 787 747; x_wconf 79' lang='lat' dir='ltr'>stlitudo,</span> <span class='ocrx_word' id='word_1_21' title='bbox 806 678 967 734; x_wconf 76' lang='lat' dir='ltr'>renccitudo</span> <span class='ocrx_word' id='word_1_22' title='bbox 985 678 1134 748; x_wconf 81' lang='lat' dir='ltr'>Apollinis.</span> 
     </span>
    </p>
   </div>
   <div class='ocr_carea' id='block_1_4' title="bbox 118 784 1371 1086">
    <p class='ocr_par' dir='ltr' id='par_1_4' title="bbox 118 784 1371 1086">
     <span class='ocr_line' id='line_1_6' title="bbox 207 784 1371 872; baseline 0.004 -22"><span class='ocrx_word' id='word_1_23' title='bbox 207 784 251 852; x_wconf 81' lang='lat' dir='ltr'>M.</span> <span class='ocrx_word' id='word_1_24' title='bbox 269 786 396 853; x_wconf 82' lang='lat' dir='ltr'>Tullius</span> <span class='ocrx_word' id='word_1_25' title='bbox 420 787 459 852; x_wconf 91' lang='lat' dir='ltr'>de</span> <span class='ocrx_word' id='word_1_26' title='bbox 482 810 518 853; x_wconf 91' lang='lat' dir='ltr'>re</span> <span class='ocrx_word' id='word_1_27' title='bbox 541 787 672 872; x_wconf 85' lang='lat' dir='ltr'>publice</span> <span class='ocrx_word' id='word_1_28' title='bbox 694 788 749 853; x_wconf 88' lang='lat' dir='ltr'>lib.</span> <span class='ocrx_word' id='word_1_29' title='bbox 768 787 848 852; x_wconf 85' lang='lat'>1111:</span> <span class='ocrx_word' id='word_1_30' title='bbox 872 788 1001 853; x_wconf 90' lang='lat' dir='ltr'>eosdem</span> <span class='ocrx_word' id='word_1_31' title='bbox 1024 790 1181 854; x_wconf 89' lang='lat' dir='ltr'>terminos</span> <span class='ocrx_word' id='word_1_32' title='bbox 1203 789 1371 856; x_wconf 89' lang='lat' dir='ltr'>hominum</span> 
     </span>
     <span class='ocr_line' id='line_1_7' title="bbox 118 894 1370 981; baseline 0.003 -23"><span class='ocrx_word' id='word_1_33' title='bbox 118 914 214 959; x_wconf 81' lang='lat' dir='ltr'>curse</span> <span class='ocrx_word' id='word_1_34' title='bbox 247 897 345 978; x_wconf 90' lang='lat' dir='ltr'>atque</span> <span class='ocrx_word' id='word_1_35' title='bbox 378 895 478 980; x_wconf 78' lang='lat' dir='ltr'>vitse3</span> <span class='ocrx_word' id='word_1_36' title='bbox 508 894 555 960; x_wconf 89' lang='lat' dir='ltr'>sic</span> <span class='ocrx_word' id='word_1_37' title='bbox 587 895 756 979; x_wconf 90' lang='lat' dir='ltr'>pontificio</span> <span class='ocrx_word' id='word_1_38' title='bbox 788 895 857 960; x_wconf 89' lang='lat' dir='ltr'>iure</span> <span class='ocrx_word' id='word_1_39' title='bbox 890 895 1075 961; x_wconf 78' lang='lat' dir='ltr'><strong>sanctitudo</strong></span> <span class='ocrx_word' id='word_1_40' title='bbox 1109 897 1304 981; x_wconf 87' lang='lat' dir='ltr'>sepulturae.</span> <span class='ocrx_word' id='word_1_41' title='bbox 1329 935 1370 943; x_wconf 89' lang='lat'>—</span> 
     </span>
     <span class='ocr_line' id='line_1_8' title="bbox 120 999 468 1086; baseline 0.009 -23"><span class='ocrx_word' id='word_1_42' title='bbox 120 999 275 1065; x_wconf 81' lang='lat' dir='ltr'>Afranius</span> <span class='ocrx_word' id='word_1_43' title='bbox 298 1000 468 1086; x_wconf 86' lang='lat' dir='ltr'>Suspecta:</span> 
     </span>
    </p>
   </div>
   <div class='ocr_carea' id='block_1_5' title="bbox 66 1122 1158 1183">
    <p class='ocr_par' dir='ltr' id='par_1_5' title="bbox 66 1122 1158 1183">
     <span class='ocr_line' id='line_1_9' title="bbox 66 1122 1158 1183; baseline 0.003 -8"><span class='ocrx_word' id='word_1_44' title='bbox 66 1136 99 1183; x_wconf 86' lang='grc' dir='ltr'>ιο</span> <span class='ocrx_word' id='word_1_45' title='bbox 279 1123 359 1176; x_wconf 88' lang='lat' dir='ltr'>tuam</span> <span class='ocrx_word' id='word_1_46' title='bbox 378 1122 556 1179; x_wconf 78' lang='lat' dir='ltr'>mtieststem</span> <span class='ocrx_word' id='word_1_47' title='bbox 576 1126 606 1178; x_wconf 92' lang='lat' dir='ltr'>et</span> <span class='ocrx_word' id='word_1_48' title='bbox 624 1122 744 1178; x_wconf 81' lang='lat' dir='ltr'>ntminis</span> <span class='ocrx_word' id='word_1_49' title='bbox 762 1126 910 1179; x_wconf 80' lang='lat' dir='ltr'>matronae</span> <span class='ocrx_word' id='word_1_50' title='bbox 929 1122 1158 1180; x_wconf 80' lang='lat' dir='ltr'>sanctitudinem.</span> 
     </span>
    </p>
   </div>
   <div class='ocr_carea' id='block_1_6' title="bbox 208 1232 1058 1318">
    <p class='ocr_par' dir='ltr' id='par_1_6' title="bbox 208 1232 1058 1318">
     <span class='ocr_line' id='line_1_10' title="bbox 208 1232 1058 1318; baseline 0.004 -23"><span class='ocrx_word' id='word_1_51' title='bbox 208 1247 297 1296; x_wconf 67' lang='lat' dir='ltr'>serv</span> <span class='ocrx_word' id='word_1_52' title='bbox 319 1232 464 1317; x_wconf 90' lang='lat' dir='ltr'>positum</span> <span class='ocrx_word' id='word_1_53' title='bbox 486 1255 545 1317; x_wconf 90' lang='lat' dir='ltr'>pro</span> <span class='ocrx_word' id='word_1_54' title='bbox 570 1232 701 1298; x_wconf 89' lang='lat' dir='ltr'>semine.</span> <span class='ocrx_word' id='word_1_55' title='bbox 738 1233 854 1298; x_wconf 83' lang='lat' dir='ltr'>Accius</span> <span class='ocrx_word' id='word_1_56' title='bbox 878 1232 1058 1318; x_wconf 78' lang='lat' dir='ltr'>Pelopidis:</span> 
     </span>
    </p>
   </div>
   <div class='ocr_carea' id='block_1_7' title="bbox 279 1355 1067 1504">
    <p class='ocr_par' dir='ltr' id='par_1_7' title="bbox 279 1355 1067 1504">
     <span class='ocr_line' id='line_1_11' title="bbox 279 1355 1067 1426; baseline 0.003 -19"><span class='ocrx_word' id='word_1_57' title='bbox 279 1369 345 1407; x_wconf 89' lang='lat' dir='ltr'>narn</span> <span class='ocrx_word' id='word_1_58' title='bbox 361 1370 407 1408; x_wconf 90' lang='lat' dir='ltr'>me</span> <span class='ocrx_word' id='word_1_59' title='bbox 426 1356 459 1409; x_wconf 85' lang='lat' dir='ltr'>dt</span> <span class='ocrx_word' id='word_1_60' title='bbox 477 1355 589 1410; x_wconf 78' lang='lat' dir='ltr'>credam</span> <span class='ocrx_word' id='word_1_61' title='bbox 608 1372 641 1410; x_wconf 85' lang='lat' dir='ltr'>cr</span> <span class='ocrx_word' id='word_1_62' title='bbox 659 1363 710 1410; x_wconf 86' lang='lat' dir='ltr'>tuo</span> <span class='ocrx_word' id='word_1_63' title='bbox 729 1357 790 1411; x_wconf 78' lang='lat' dir='ltr'>esse</span> <span class='ocrx_word' id='word_1_64' title='bbox 808 1358 976 1426; x_wconf 78' lang='lat' dir='ltr'>conceptum</span> <span class='ocrx_word' id='word_1_65' title='bbox 995 1357 1067 1424; x_wconf 80' lang='lat' dir='ltr'>satu,</span> 
     </span>
     <span class='ocr_line' id='line_1_12' title="bbox 279 1433 1042 1504; baseline 0.001 -16"><span class='ocrx_word' id='word_1_66' title='bbox 279 1435 324 1488; x_wconf 92' lang='lat' dir='ltr'>tot</span> <span class='ocrx_word' id='word_1_67' title='bbox 340 1435 507 1504; x_wconf 77' lang='lat' dir='ltr'>trgnmsnta</span> <span class='ocrx_word' id='word_1_68' title='bbox 525 1433 659 1504; x_wconf 78' lang='lat' dir='ltr'>redigunt</span> <span class='ocrx_word' id='word_1_69' title='bbox 676 1433 801 1490; x_wconf 89' lang='lat' dir='ltr'>animum</span> <span class='ocrx_word' id='word_1_70' title='bbox 820 1439 850 1491; x_wconf 90' lang='lat' dir='ltr'>et</span> <span class='ocrx_word' id='word_1_71' title='bbox 867 1439 1042 1491; x_wconf 82' lang='lat' dir='ltr'>conmovent.</span> 
     </span>
    </p>
   </div>
   <div class='ocr_carea' id='block_1_8' title="bbox 64 1540 1371 1964">
    <p class='ocr_par' dir='ltr' id='par_1_8' title="bbox 64 1540 1371 1964">
     <span class='ocr_line' id='line_1_13' title="bbox 207 1540 474 1628; baseline 0.015 -23"><span class='ocrx_word' id='word_1_72' title='bbox 207 1540 295 1607; x_wconf 91' lang='lat' dir='ltr'>idem</span> <span class='ocrx_word' id='word_1_73' title='bbox 318 1543 474 1628; x_wconf 82' lang='lat' dir='ltr'>Telepho:</span> 
     </span>
     <span class='ocr_line' id='line_1_14' title="bbox 64 1664 992 1735; baseline 0.004 -19"><span class='ocrx_word' id='word_1_74' title='bbox 64 1671 98 1717; x_wconf 80' lang='lat'>15</span> <span class='ocrx_word' id='word_1_75' title='bbox 279 1664 406 1734; x_wconf 78' lang='lat' dir='ltr'>profecto</span> <span class='ocrx_word' id='word_1_76' title='bbox 424 1665 622 1735; x_wconf 83' lang='lat' dir='ltr'>heuquequam</span> <span class='ocrx_word' id='word_1_77' title='bbox 642 1666 805 1721; x_wconf 81' lang='lat' dir='ltr'>mediocrist</span> <span class='ocrx_word' id='word_1_78' title='bbox 824 1668 902 1721; x_wconf 80' lang='lat' dir='ltr'>ortus</span> <span class='ocrx_word' id='word_1_79' title='bbox 921 1668 992 1721; x_wconf 86' lang='lat' dir='ltr'>satu.</span> 
     </span>
     <span class='ocr_line' id='line_1_15' title="bbox 208 1769 1371 1862; baseline 0.002 -22"><span class='ocrx_word' id='word_1_80' title='bbox 208 1791 431 1860; x_wconf 77' lang='lat' dir='ltr'>scnmmonn,</span> <span class='ocrx_word' id='word_1_81' title='bbox 454 1797 512 1860; x_wconf 91' lang='lat' dir='ltr'>pro</span> <span class='ocrx_word' id='word_1_82' title='bbox 536 1777 706 1842; x_wconf 78' lang='lat' dir='ltr'><strong>scribtura.</strong></span> <span class='ocrx_word' id='word_1_83' title='bbox 748 1775 854 1841; x_wconf 82' lang='lat' dir='ltr'>Varro</span> <span class='ocrx_word' id='word_1_84' title='bbox 873 1769 1159 1861; x_wconf 71' lang='grc' dir='ltr'><strong><em>Ἀνθρωποπόλει,</em></strong></span> <span class='ocrx_word' id='word_1_85' title='bbox 1181 1777 1256 1862; x_wconf 80' lang='grc' dir='ltr'>περὶ</span> <span class='ocrx_word' id='word_1_86' title='bbox 1281 1800 1371 1860; x_wconf 79' lang='grc' dir='ltr'><em>γενε-</em></span> 
     </span>
     <span class='ocr_line' id='line_1_16' title="bbox 115 1881 273 1964; baseline 0.019 -21"><span class='ocrx_word' id='word_1_87' title='bbox 115 1881 273 1964; x_wconf 58' lang='lat' dir='ltr'>diteris:</span> 
     </span>
    </p>
   </div>
   <div class='ocr_carea' id='block_1_9' title="bbox 277 1986 857 2137">
    <p class='ocr_par' dir='ltr' id='par_1_9' title="bbox 277 1986 857 2137">
     <span class='ocr_line' id='line_1_17' title="bbox 278 1986 857 2057; baseline 0.003 -17"><span class='ocrx_word' id='word_1_88' title='bbox 278 1986 420 2056; x_wconf 77' lang='lat' dir='ltr'>vulgoque</span> <span class='ocrx_word' id='word_1_89' title='bbox 438 2002 540 2041; x_wconf 79' lang='lat' dir='ltr'>avarus</span> <span class='ocrx_word' id='word_1_90' title='bbox 560 1987 700 2042; x_wconf 75' lang='lat' dir='ltr'>fenerator</span> <span class='ocrx_word' id='word_1_91' title='bbox 718 1989 768 2057; x_wconf 79' lang='lat' dir='ltr'>spe</span> <span class='ocrx_word' id='word_1_92' title='bbox 787 1986 857 2042; x_wconf 88' lang='lat' dir='ltr'>lucri</span> 
     </span>
     <span class='ocr_line' id='line_1_18' title="bbox 277 2065 695 2137; baseline 0.002 -16"><span class='ocrx_word' id='word_1_93' title='bbox 277 2083 337 2121; x_wconf 89' lang='lat' dir='ltr'>rem</span> <span class='ocrx_word' id='word_1_94' title='bbox 355 2066 508 2137; x_wconf 71' lang='lat' dir='ltr'>scriptione</span> <span class='ocrx_word' id='word_1_95' title='bbox 528 2065 695 2136; x_wconf 78' lang='lat' dir='ltr'>duplicaret.</span> 
     </span>
    </p>
   </div>
   <div class='ocr_carea' id='block_1_10' title="bbox 58 2172 1494 2262">
    <p class='ocr_par' dir='ltr' id='par_1_10' title="bbox 58 2172 1494 2262">
     <span class='ocr_line' id='line_1_19' title="bbox 58 2172 1494 2262; baseline 0.001 -21"><span class='ocrx_word' id='word_1_96' title='bbox 58 2194 95 2241; x_wconf 82' lang='lat' dir='ltr'>ao</span> <span class='ocrx_word' id='word_1_97' title='bbox 208 2172 321 2241; x_wconf 83' lang='lat' dir='ltr'>Cicero</span> <span class='ocrx_word' id='word_1_98' title='bbox 349 2175 607 2242; x_wconf 80' lang='lat' dir='ltr'>Tusculanarum</span> <span class='ocrx_word' id='word_1_99' title='bbox 638 2176 694 2240; x_wconf 88' lang='lat' dir='ltr'>lib.</span> <span class='ocrx_word' id='word_1_100' title='bbox 717 2175 762 2241; x_wconf 92' lang='lat' dir='ltr'>V:</span> <span class='ocrx_word' id='word_1_101' title='bbox 791 2177 912 2261; x_wconf 81' lang='lat' dir='ltr'>inpulsi</span> <span class='ocrx_word' id='word_1_102' title='bbox 942 2199 1053 2243; x_wconf 90' lang='lat' dir='ltr'>sumus</span> <span class='ocrx_word' id='word_1_103' title='bbox 1082 2178 1122 2243; x_wconf 89' lang='lat' dir='ltr'>ad</span> <span class='ocrx_word' id='word_1_104' title='bbox 1146 2177 1372 2262; x_wconf 76' lang='lat' dir='ltr'>philosophiae</span> <span class='ocrx_word' id='word_1_105' title='bbox 1489 2212 1494 2219; x_wconf 75' lang='lat'><em>,</em></span> 
     </span>
    </p>
   </div>
   <div class='ocr_carea' id='block_1_11' title="bbox 115 2278 1199 2582">
    <p class='ocr_par' dir='ltr' id='par_1_11' title="bbox 115 2278 1199 2582">
     <span class='ocr_line' id='line_1_20' title="bbox 115 2278 321 2348; baseline 0.024 -5"><span class='ocrx_word' id='word_1_106' title='bbox 115 2278 321 2348; x_wconf 85' lang='lat' dir='ltr'>scribtiones.</span> 
     </span>
     <span class='ocr_line' id='line_1_21' title="bbox 208 2389 1199 2476; baseline 0.002 -24"><span class='ocrx_word' id='word_1_107' title='bbox 208 2403 386 2475; x_wconf 71' lang='lat' dir='ltr'>susurras,</span> <span class='ocrx_word' id='word_1_108' title='bbox 409 2411 469 2474; x_wconf 90' lang='lat' dir='ltr'>pro</span> <span class='ocrx_word' id='word_1_109' title='bbox 493 2389 641 2476; x_wconf 72' lang='lat' dir='ltr'>segnitie</span> <span class='ocrx_word' id='word_1_110' title='bbox 678 2389 795 2455; x_wconf 83' lang='lat' dir='ltr'>Accius</span> <span class='ocrx_word' id='word_1_111' title='bbox 819 2390 982 2455; x_wconf 82' lang='lat' dir='ltr'>Aeneadis</span> <span class='ocrx_word' id='word_1_112' title='bbox 1006 2398 1062 2456; x_wconf 86' lang='lat' dir='ltr'>eut</span> <span class='ocrx_word' id='word_1_113' title='bbox 1085 2390 1199 2456; x_wconf 88' lang='lat' dir='ltr'>Decio:</span> 
     </span>
     <span class='ocr_line' id='line_1_22' title="bbox 277 2511 959 2582; baseline 0.003 -16"><span class='ocrx_word' id='word_1_114' title='bbox 277 2512 307 2566; x_wconf 89' lang='lat' dir='ltr'>et</span> <span class='ocrx_word' id='word_1_115' title='bbox 324 2512 405 2579; x_wconf 77' lang='lat' dir='ltr'>nunc,</span> <span class='ocrx_word' id='word_1_116' title='bbox 425 2528 496 2581; x_wconf 87' lang='lat' dir='ltr'>qnae</span> <span class='ocrx_word' id='word_1_117' title='bbox 516 2527 613 2567; x_wconf 90' lang='lat' dir='ltr'>eorum</span> <span class='ocrx_word' id='word_1_118' title='bbox 632 2512 764 2582; x_wconf 78' lang='lat' dir='ltr'>segnitas,</span> <span class='ocrx_word' id='word_1_119' title='bbox 784 2514 856 2582; x_wconf 77' lang='lat' dir='ltr'>aras,</span> <span class='ocrx_word' id='word_1_120' title='bbox 874 2511 959 2569; x_wconf 85' lang='lat' dir='ltr'>focos.</span> 
     </span>
    </p>
   </div>
   <div class='ocr_carea' id='block_1_12' title="bbox 58 2618 1252 2814">
    <p class='ocr_par' dir='ltr' id='par_1_12' title="bbox 58 2618 1252 2814">
     <span class='ocr_line' id='line_1_23' title="bbox 177 2618 536 2687; baseline 0.008 -4"><span class='ocrx_word' id='word_1_121' title='bbox 177 2628 182 2637; x_wconf 90' lang='lat'>&#39;</span> <span class='ocrx_word' id='word_1_122' title='bbox 208 2618 292 2685; x_wconf 91' lang='lat' dir='ltr'>idem</span> <span class='ocrx_word' id='word_1_123' title='bbox 316 2618 536 2687; x_wconf 82' lang='lat' dir='ltr'>Andromeda:</span> 
     </span>
     <span class='ocr_line' id='line_1_24' title="bbox 58 2742 1252 2814; baseline 0.001 -17"><span class='ocrx_word' id='word_1_124' title='bbox 58 2756 96 2804; x_wconf 75' lang='lat'>25</span> <span class='ocrx_word' id='word_1_125' title='bbox 276 2744 397 2813; x_wconf 78' lang='lat' dir='ltr'>uiamque</span> <span class='ocrx_word' id='word_1_126' title='bbox 415 2745 448 2798; x_wconf 93' lang='lat' dir='ltr'>ut</span> <span class='ocrx_word' id='word_1_127' title='bbox 466 2742 557 2798; x_wconf 87' lang='lat' dir='ltr'>dicam</span> <span class='ocrx_word' id='word_1_128' title='bbox 577 2744 716 2814; x_wconf 76' lang='lat' dir='ltr'>segnitats</span> <span class='ocrx_word' id='word_1_129' title='bbox 736 2743 868 2798; x_wconf 80' lang='lat' dir='ltr'>timidum</span> <span class='ocrx_word' id='word_1_130' title='bbox 886 2744 1016 2799; x_wconf 88' lang='lat' dir='ltr'>dubitare</span> <span class='ocrx_word' id='word_1_131' title='bbox 1035 2743 1105 2798; x_wconf 83' lang='lat' dir='ltr'>hadt</span> <span class='ocrx_word' id='word_1_132' title='bbox 1123 2746 1252 2799; x_wconf 87' lang='lat' dir='ltr'>meumst.</span> 
     </span>
    </p>
   </div>
   <div class='ocr_carea' id='block_1_13' title="bbox 115 2848 1372 3043">
    <p class='ocr_par' dir='ltr' id='par_1_13' title="bbox 115 2848 1372 3043">
     <span class='ocr_line' id='line_1_25' title="bbox 206 2848 1372 2939; baseline 0 -23"><span class='ocrx_word' id='word_1_133' title='bbox 206 2848 319 2939; x_wconf 82' lang='lat' dir='ltr'>Oicero</span> <span class='ocrx_word' id='word_1_134' title='bbox 343 2851 382 2917; x_wconf 91' lang='lat' dir='ltr'>de</span> <span class='ocrx_word' id='word_1_135' title='bbox 406 2856 536 2917; x_wconf 84' lang='lat' dir='ltr'>oratore</span> <span class='ocrx_word' id='word_1_136' title='bbox 559 2852 616 2917; x_wconf 92' lang='lat' dir='ltr'>lib.</span> <span class='ocrx_word' id='word_1_137' title='bbox 638 2852 668 2917; x_wconf 93' lang='lat' dir='ltr'>I:</span> <span class='ocrx_word' id='word_1_138' title='bbox 697 2857 730 2918; x_wconf 89' lang='lat' dir='ltr'>et</span> <span class='ocrx_word' id='word_1_139' title='bbox 753 2854 906 2937; x_wconf 84' lang='lat' dir='ltr'>quonism</span> <span class='ocrx_word' id='word_1_140' title='bbox 930 2853 970 2918; x_wconf 91' lang='lat' dir='ltr'>de</span> <span class='ocrx_word' id='word_1_141' title='bbox 992 2852 1198 2937; x_wconf 84' lang='lat' dir='ltr'>inprudentis</span> <span class='ocrx_word' id='word_1_142' title='bbox 1222 2852 1372 2937; x_wconf 85' lang='lat' dir='ltr'>diximus,</span> 
     </span>
     <span class='ocr_line' id='line_1_26' title="bbox 115 2957 667 3043; baseline 0.007 -23"><span class='ocrx_word' id='word_1_143' title='bbox 115 2957 316 3042; x_wconf 76' lang='lat' dir='ltr'>castigemus</span> <span class='ocrx_word' id='word_1_144' title='bbox 341 2958 440 3022; x_wconf 87' lang='lat' dir='ltr'>etiem</span> <span class='ocrx_word' id='word_1_145' title='bbox 465 2960 667 3043; x_wconf 87' lang='lat' dir='ltr'>segnitatem.</span> 
     </span>
    </p>
   </div>
   <div class='ocr_carea' id='block_1_14' title="bbox 116 3131 1371 3364">
    <p class='ocr_par' dir='ltr' id='par_1_14' title="bbox 116 3131 1371 3364">
     <span class='ocr_line' id='line_1_27' title="bbox 206 3131 1371 3203; baseline 0.001 -18"><span class='ocrx_word' id='word_1_146' title='bbox 206 3138 223 3185; x_wconf 81' lang='lat'>4</span> <span class='ocrx_word' id='word_1_147' title='bbox 242 3132 387 3202; x_wconf 78' lang='lat' dir='ltr'>Turpilius</span> <span class='ocrx_word' id='word_1_148' title='bbox 401 3131 543 3187; x_wconf 80' lang='lat' dir='ltr'>Leucadia</span> <span class='ocrx_word' id='word_1_149' title='bbox 555 3137 565 3203; x_wconf 73' lang='lat' dir='ltr'>l</span> <span class='ocrx_word' id='word_1_150' title='bbox 580 3141 594 3189; x_wconf 82' lang='grc'><strong>7</strong></span> <span class='ocrx_word' id='word_1_151' title='bbox 609 3132 646 3188; x_wconf 90' lang='grc' dir='ltr'>Μ.</span> <span class='ocrx_word' id='word_1_152' title='bbox 660 3133 732 3188; x_wconf 83' lang='lat' dir='ltr'>Tull.</span> <span class='ocrx_word' id='word_1_153' title='bbox 748 3134 783 3188; x_wconf 90' lang='lat' dir='ltr'>de</span> <span class='ocrx_word' id='word_1_154' title='bbox 798 3151 826 3187; x_wconf 91' lang='lat' dir='ltr'>re</span> <span class='ocrx_word' id='word_1_155' title='bbox 841 3134 955 3203; x_wconf 91' lang='lat' dir='ltr'>publica</span> <span class='ocrx_word' id='word_1_156' title='bbox 966 3134 1004 3188; x_wconf 90' lang='lat' dir='ltr'>IV</span> <span class='ocrx_word' id='word_1_157' title='bbox 1018 3137 1057 3203; x_wconf 74' lang='lat' dir='ltr'>l9</span> <span class='ocrx_word' id='word_1_158' title='bbox 1075 3135 1206 3188; x_wconf 83' lang='lat' dir='ltr'>Afranius</span> <span class='ocrx_word' id='word_1_159' title='bbox 1218 3134 1353 3202; x_wconf 86' lang='lat' dir='ltr'>Suspecta</span> <span class='ocrx_word' id='word_1_160' title='bbox 1362 3134 1371 3202; x_wconf 71' lang='lat' dir='ltr'>ll</span> 
     </span>
     <span class='ocr_line' id='line_1_28' title="bbox 117 3210 1370 3283; baseline -0.001 -17"><span class='ocrx_word' id='word_1_161' title='bbox 117 3220 146 3266; x_wconf 92' lang='lat'>11</span> <span class='ocrx_word' id='word_1_162' title='bbox 168 3214 270 3266; x_wconf 78' lang='lat' dir='ltr'>Accius</span> <span class='ocrx_word' id='word_1_163' title='bbox 291 3211 455 3282; x_wconf 74' lang='lat' dir='ltr'>Pelopidisl</span> <span class='ocrx_word' id='word_1_164' title='bbox 471 3220 503 3268; x_wconf 82' lang='grc'><strong>14</strong></span> <span class='ocrx_word' id='word_1_165' title='bbox 522 3213 623 3269; x_wconf 85' lang='lat' dir='ltr'>Accius</span> <span class='ocrx_word' id='word_1_166' title='bbox 643 3213 768 3283; x_wconf 83' lang='lat' dir='ltr'>&#39;l&#39;elepho</span> <span class='ocrx_word' id='word_1_167' title='bbox 782 3216 791 3280; x_wconf 94' lang='lat' dir='ltr'>l</span> <span class='ocrx_word' id='word_1_168' title='bbox 808 3219 839 3266; x_wconf 87' lang='grc'><strong>16</strong></span> <span class='ocrx_word' id='word_1_169' title='bbox 854 3214 943 3269; x_wconf 85' lang='lat' dir='ltr'>Vnrro</span> <span class='ocrx_word' id='word_1_170' title='bbox 960 3210 1186 3283; x_wconf 74' lang='grc' dir='ltr'>Ἀνθρωποπόλει</span> <span class='ocrx_word' id='word_1_171' title='bbox 1199 3217 1208 3283; x_wconf 76' lang='grc' dir='ltr'>ΙΙ</span> <span class='ocrx_word' id='word_1_172' title='bbox 1222 3220 1257 3268; x_wconf 84' lang='grc'>20</span> <span class='ocrx_word' id='word_1_173' title='bbox 1272 3213 1305 3278; x_wconf 87' lang='lat' dir='ltr'>V,</span> <span class='ocrx_word' id='word_1_174' title='bbox 1326 3219 1370 3281; x_wconf 80' lang='lat'>41,</span> 
     </span>
     <span class='ocr_line' id='line_1_29' title="bbox 116 3293 1162 3364; baseline 0.002 -17"><span class='ocrx_word' id='word_1_175' title='bbox 116 3293 240 3361; x_wconf 75' lang='grc'><strong>121122</strong></span> <span class='ocrx_word' id='word_1_176' title='bbox 259 3293 360 3349; x_wconf 83' lang='lat' dir='ltr'>Accius</span> <span class='ocrx_word' id='word_1_177' title='bbox 378 3295 517 3350; x_wconf 86' lang='lat' dir='ltr'>Aeneadis</span> <span class='ocrx_word' id='word_1_178' title='bbox 531 3296 541 3363; x_wconf 72' lang='lat' dir='ltr'>l</span> <span class='ocrx_word' id='word_1_179' title='bbox 555 3300 589 3348; x_wconf 81' lang='grc'>24</span> <span class='ocrx_word' id='word_1_180' title='bbox 607 3294 709 3349; x_wconf 86' lang='lat' dir='ltr'>Accius</span> <span class='ocrx_word' id='word_1_181' title='bbox 727 3294 909 3349; x_wconf 85' lang='lat' dir='ltr'>Andromeda</span> <span class='ocrx_word' id='word_1_182' title='bbox 921 3296 931 3363; x_wconf 79' lang='grc'><strong>11</strong></span> <span class='ocrx_word' id='word_1_183' title='bbox 945 3300 978 3348; x_wconf 81' lang='grc'>26</span> <span class='ocrx_word' id='word_1_184' title='bbox 998 3293 1019 3364; x_wconf 90' lang='lat' dir='ltr'>l,</span> <span class='ocrx_word' id='word_1_185' title='bbox 1039 3300 1082 3363; x_wconf 79' lang='lat'>41,</span> <span class='ocrx_word' id='word_1_186' title='bbox 1104 3300 1162 3350; x_wconf 81' lang='lat'><strong>185.</strong></span> 
     </span>
    </p>
   </div>
   <div class='ocr_carea' id='block_1_15' title="bbox 13 3471 1370 4831">
    <p class='ocr_par' dir='ltr' id='par_1_15' title="bbox 13 3471 1370 4831">
     <span class='ocr_line' id='line_1_30' title="bbox 204 3471 1369 3543; baseline -0.002 -16"><span class='ocrx_word' id='word_1_187' title='bbox 204 3471 470 3543; x_wconf 62' lang='lat' dir='ltr'>susurronem.</span> <span class='ocrx_word' id='word_1_188' title='bbox 491 3502 523 3512; x_wconf 95' lang='lat'>—</span> <span class='ocrx_word' id='word_1_189' title='bbox 542 3472 561 3525; x_wconf 84' lang='grc'><strong>6</strong></span> <span class='ocrx_word' id='word_1_190' title='bbox 585 3471 706 3540; x_wconf 88' lang='lat' dir='ltr'>scopulis</span> <span class='ocrx_word' id='word_1_191' title='bbox 730 3472 783 3542; x_wconf 77' lang='lat' dir='ltr'>Hr·</span> <span class='ocrx_word' id='word_1_192' title='bbox 803 3502 836 3512; x_wconf 90' lang='lat'>-</span> <span class='ocrx_word' id='word_1_193' title='bbox 855 3471 1004 3542; x_wconf 87' lang='lat' dir='ltr'>Apollonis</span> <span class='ocrx_word' id='word_1_194' title='bbox 1023 3473 1071 3542; x_wconf 76' lang='lat' dir='ltr'>L„</span> <span class='ocrx_word' id='word_1_195' title='bbox 1091 3473 1128 3527; x_wconf 87' lang='lat' dir='ltr'>H.</span> <span class='ocrx_word' id='word_1_196' title='bbox 1149 3502 1182 3513; x_wconf 90' lang='lat'>-</span> <span class='ocrx_word' id='word_1_197' title='bbox 1203 3472 1239 3526; x_wconf 96' lang='grc'><strong>12</strong></span> <span class='ocrx_word' id='word_1_198' title='bbox 1258 3472 1369 3526; x_wconf 80' lang='lat' dir='ltr'>credam</span> 
     </span>
     <span class='ocr_line' id='line_1_31' title="bbox 114 3551 1369 3622; baseline -0.002 -15"><span class='ocrx_word' id='word_1_199' title='bbox 114 3551 178 3622; x_wconf 73' lang='lat' dir='ltr'>Me3</span> <span class='ocrx_word' id='word_1_200' title='bbox 197 3552 329 3608; x_wconf 78' lang='lat' dir='ltr'>heredum</span> <span class='ocrx_word' id='word_1_201' title='bbox 350 3552 379 3608; x_wconf 77' lang='lat' dir='ltr'>G.</span> <span class='ocrx_word' id='word_1_202' title='bbox 395 3552 481 3607; x_wconf 84' lang='lat' dir='ltr'>-1c</span> <span class='ocrx_word' id='word_1_203' title='bbox 498 3554 543 3607; x_wconf 88' lang='lat' dir='ltr'>tot</span> <span class='ocrx_word' id='word_1_204' title='bbox 561 3568 620 3620; x_wconf 84' lang='lat' dir='ltr'>arg.</span> <span class='ocrx_word' id='word_1_205' title='bbox 645 3552 770 3617; x_wconf 59' lang='lat' dir='ltr'>Veretum</span> <span class='ocrx_word' id='word_1_206' title='bbox 789 3554 821 3605; x_wconf 89' lang='lat' dir='ltr'>ut</span> <span class='ocrx_word' id='word_1_207' title='bbox 839 3569 898 3621; x_wconf 85' lang='lat' dir='ltr'>arg.</span> <span class='ocrx_word' id='word_1_208' title='bbox 915 3552 951 3620; x_wconf 86' lang='grc'>0,·</span> <span class='ocrx_word' id='word_1_209' title='bbox 969 3554 1019 3606; x_wconf 88' lang='lat' dir='ltr'>tua</span> <span class='ocrx_word' id='word_1_210' title='bbox 1036 3568 1095 3621; x_wconf 85' lang='lat' dir='ltr'>arg.</span> <span class='ocrx_word' id='word_1_211' title='bbox 1111 3552 1235 3621; x_wconf 77' lang='lat' dir='ltr'>Madoip.</span> <span class='ocrx_word' id='word_1_212' title='bbox 1257 3554 1369 3607; x_wconf 76' lang='lat' dir='ltr'>Adsere.</span> 
     </span>
     <span class='ocr_line' id='line_1_32' title="bbox 115 3631 1370 3701; baseline 0.002 -16"><span class='ocrx_word' id='word_1_213' title='bbox 115 3633 171 3701; x_wconf 88' lang='grc' dir='ltr'>ΙΙ,</span> <span class='ocrx_word' id='word_1_214' title='bbox 196 3637 261 3690; x_wconf 80' lang='grc'><strong><em>658.</em></strong></span> <span class='ocrx_word' id='word_1_215' title='bbox 280 3663 316 3673; x_wconf 93' lang='grc'>-</span> <span class='ocrx_word' id='word_1_216' title='bbox 332 3634 354 3699; x_wconf 87' lang='lat' dir='ltr'>s.</span> <span class='ocrx_word' id='word_1_217' title='bbox 378 3633 450 3688; x_wconf 66' lang='lat' dir='ltr'>:nuc</span> <span class='ocrx_word' id='word_1_218' title='bbox 467 3634 500 3686; x_wconf 87' lang='lat' dir='ltr'>nt</span> <span class='ocrx_word' id='word_1_219' title='bbox 517 3638 586 3688; x_wconf 80' lang='lat' dir='ltr'>recte</span> <span class='ocrx_word' id='word_1_220' title='bbox 603 3633 695 3699; x_wconf 58' lang='lat' dir='ltr'>leuba,</span> <span class='ocrx_word' id='word_1_221' title='bbox 714 3633 754 3687; x_wconf 82' lang='lat' dir='ltr'>sic</span> <span class='ocrx_word' id='word_1_222' title='bbox 772 3633 891 3701; x_wconf 79' lang='lat' dir='ltr'>quidem,</span> <span class='ocrx_word' id='word_1_223' title='bbox 916 3637 947 3686; x_wconf 80' lang='lat' dir='ltr'>ut</span> <span class='ocrx_word' id='word_1_224' title='bbox 965 3637 1085 3686; x_wconf 79' lang='lat' dir='ltr'>secutum</span> <span class='ocrx_word' id='word_1_225' title='bbox 1104 3649 1158 3686; x_wconf 81' lang='lat' dir='ltr'>esec</span> <span class='ocrx_word' id='word_1_226' title='bbox 1172 3639 1301 3701; x_wconf 80' lang='lat' dir='ltr'>paternae</span> <span class='ocrx_word' id='word_1_227' title='bbox 1320 3631 1370 3698; x_wconf 78' lang='lat' dir='ltr'>ita,</span> 
     </span>
     <span class='ocr_line' id='line_1_33' title="bbox 114 3713 1369 3782; baseline 0.001 -16"><span class='ocrx_word' id='word_1_228' title='bbox 114 3718 172 3768; x_wconf 72' lang='lat' dir='ltr'>terr</span> <span class='ocrx_word' id='word_1_229' title='bbox 195 3714 310 3780; x_wconf 79' lang='lat' dir='ltr'>additu,</span> <span class='ocrx_word' id='word_1_230' title='bbox 332 3728 383 3768; x_wconf 81' lang='lat' dir='ltr'>car</span> <span class='ocrx_word' id='word_1_231' title='bbox 405 3715 430 3767; x_wconf 82' lang='lat' dir='ltr'>ie</span> <span class='ocrx_word' id='word_1_232' title='bbox 451 3714 500 3782; x_wconf 76' lang='lat' dir='ltr'>qui</span> <span class='ocrx_word' id='word_1_233' title='bbox 523 3714 605 3768; x_wconf 83' lang='lat' dir='ltr'>uerba</span> <span class='ocrx_word' id='word_1_234' title='bbox 627 3713 696 3779; x_wconf 71' lang='lat' dir='ltr'>fucit</span> <span class='ocrx_word' id='word_1_235' title='bbox 713 3714 746 3767; x_wconf 85' lang='lat' dir='ltr'>de</span> <span class='ocrx_word' id='word_1_236' title='bbox 764 3713 869 3781; x_wconf 73' lang='lat' dir='ltr'>origine</span> <span class='ocrx_word' id='word_1_237' title='bbox 886 3728 939 3766; x_wconf 82' lang='lat' dir='ltr'>suo</span> <span class='ocrx_word' id='word_1_238' title='bbox 956 3727 1054 3766; x_wconf 80' lang='lat' dir='ltr'>rursus</span> <span class='ocrx_word' id='word_1_239' title='bbox 1073 3713 1199 3766; x_wconf 77' lang='lat' dir='ltr'>‹lnoirare</span> <span class='ocrx_word' id='word_1_240' title='bbox 1217 3729 1244 3767; x_wconf 85' lang='lat' dir='ltr'>ac</span> <span class='ocrx_word' id='word_1_241' title='bbox 1262 3713 1369 3767; x_wconf 69' lang='lat' dir='ltr'>(liceret.</span> 
     </span>
     <span class='ocr_line' id='line_1_34' title="bbox 116 3791 1370 3861; baseline -0.002 -14"><span class='ocrx_word' id='word_1_242' title='bbox 116 3823 148 3833; x_wconf 93' lang='lat'>-</span> <span class='ocrx_word' id='word_1_243' title='bbox 169 3792 208 3847; x_wconf 79' lang='lat'>14</span> <span class='ocrx_word' id='word_1_244' title='bbox 226 3792 324 3848; x_wconf 82' lang='lat' dir='ltr'>Telefo</span> <span class='ocrx_word' id='word_1_245' title='bbox 345 3793 372 3850; x_wconf 81' lang='lat'>0.</span> <span class='ocrx_word' id='word_1_246' title='bbox 393 3793 482 3849; x_wconf 75' lang='lat'>-15</span> <span class='ocrx_word' id='word_1_247' title='bbox 505 3795 703 3861; x_wconf 78' lang='lat' dir='ltr'>hanqnaqnsm</span> <span class='ocrx_word' id='word_1_248' title='bbox 723 3791 754 3845; x_wconf 87' lang='lat' dir='ltr'>F</span> <span class='ocrx_word' id='word_1_249' title='bbox 755 3793 931 3860; x_wconf 56' lang='lat' dir='ltr'>&amp;chersonam</span> <span class='ocrx_word' id='word_1_250' title='bbox 954 3793 1029 3847; x_wconf 83' lang='lat' dir='ltr'>euim</span> <span class='ocrx_word' id='word_1_251' title='bbox 1054 3809 1223 3861; x_wconf 89' lang='lat' dir='ltr'>quamquam</span> <span class='ocrx_word' id='word_1_252' title='bbox 1248 3792 1288 3856; x_wconf 88' lang='lat' dir='ltr'>L,</span> <span class='ocrx_word' id='word_1_253' title='bbox 1311 3791 1370 3861; x_wconf 47' lang='grc' dir='ltr'>ΗΝ·</span> 
     </span>
     <span class='ocr_line' id='line_1_35' title="bbox 116 3872 1370 3944; baseline -0.004 -15"><span class='ocrx_word' id='word_1_254' title='bbox 116 3874 336 3944; x_wconf 86' lang='lat' dir='ltr'>haudquaquam</span> <span class='ocrx_word' id='word_1_255' title='bbox 354 3873 396 3944; x_wconf 80' lang='grc' dir='ltr'>Η,</span> <span class='ocrx_word' id='word_1_256' title='bbox 419 3876 476 3943; x_wconf 82' lang='lat' dir='ltr'>(pr.</span> <span class='ocrx_word' id='word_1_257' title='bbox 501 3873 758 3942; x_wconf 88' lang='lat' dir='ltr'>haudquanquam)‚</span> <span class='ocrx_word' id='word_1_258' title='bbox 782 3873 815 3929; x_wconf 88' lang='lat' dir='ltr'>G.</span> <span class='ocrx_word' id='word_1_259' title='bbox 836 3904 866 3911; x_wconf 93' lang='lat'><em>-</em></span> <span class='ocrx_word' id='word_1_260' title='bbox 888 3874 960 3928; x_wconf 89' lang='lat' dir='ltr'>med.</span> <span class='ocrx_word' id='word_1_261' title='bbox 986 3874 1029 3927; x_wconf 91' lang='lat' dir='ltr'>est</span> <span class='ocrx_word' id='word_1_262' title='bbox 1052 3877 1129 3927; x_wconf 86' lang='lat' dir='ltr'>ortus</span> <span class='ocrx_word' id='word_1_263' title='bbox 1153 3875 1216 3926; x_wconf 90' lang='lat' dir='ltr'>satu</span> <span class='ocrx_word' id='word_1_264' title='bbox 1235 3872 1370 3926; x_wconf 79' lang='lat' dir='ltr'>Lcolreius</span> 
     </span>
     <span class='ocr_line' id='line_1_36' title="bbox 115 3951 1369 4024; baseline -0.005 -13"><span class='ocrx_word' id='word_1_265' title='bbox 115 3956 197 4012; x_wconf 74' lang='lat' dir='ltr'>stad.</span> <span class='ocrx_word' id='word_1_266' title='bbox 219 3956 367 4024; x_wconf 69' lang='lat' dir='ltr'>Argentor.</span> <span class='ocrx_word' id='word_1_267' title='bbox 391 3955 496 4021; x_wconf 84' lang='lat'><strong><em>1,15,·</em></strong></span> <span class='ocrx_word' id='word_1_268' title='bbox 518 3956 550 4009; x_wconf 78' lang='lat' dir='ltr'>td</span> <span class='ocrx_word' id='word_1_269' title='bbox 572 3956 644 4024; x_wconf 75' lang='lat' dir='ltr'>quod</span> <span class='ocrx_word' id='word_1_270' title='bbox 666 3955 752 4023; x_wconf 73' lang='lat' dir='ltr'>exigit</span> <span class='ocrx_word' id='word_1_271' title='bbox 774 3970 798 4007; x_wconf 87' lang='lat' dir='ltr'>r.</span> <span class='ocrx_word' id='word_1_272' title='bbox 822 3969 873 4021; x_wconf 88' lang='lat' dir='ltr'>m.,·</span> <span class='ocrx_word' id='word_1_273' title='bbox 896 3957 940 4008; x_wconf 91' lang='lat' dir='ltr'>est</span> <span class='ocrx_word' id='word_1_274' title='bbox 958 3955 1035 4008; x_wconf 88' lang='lat' dir='ltr'>ortus</span> <span class='ocrx_word' id='word_1_275' title='bbox 1055 3951 1190 4007; x_wconf 89' lang='lat' dir='ltr'>mediocri</span> <span class='ocrx_word' id='word_1_276' title='bbox 1209 3954 1272 4005; x_wconf 90' lang='lat' dir='ltr'>satu</span> <span class='ocrx_word' id='word_1_277' title='bbox 1291 3967 1315 4005; x_wconf 87' lang='lat' dir='ltr'>c.</span> <span class='ocrx_word' id='word_1_278' title='bbox 1334 3981 1369 3990; x_wconf 89' lang='lat'>-—</span> 
     </span>
     <span class='ocr_line' id='line_1_37' title="bbox 117 4032 1370 4105; baseline -0.005 -16"><span class='ocrx_word' id='word_1_279' title='bbox 117 4034 153 4089; x_wconf 75' lang='lat'>1⁸</span> <span class='ocrx_word' id='word_1_280' title='bbox 172 4035 326 4091; x_wconf 84' lang='lat' dir='ltr'>scribtione</span> <span class='ocrx_word' id='word_1_281' title='bbox 348 4034 384 4105; x_wconf 63' lang='lat' dir='ltr'>L,</span> <span class='ocrx_word' id='word_1_282' title='bbox 406 4064 440 4075; x_wconf 94' lang='lat'>-</span> <span class='ocrx_word' id='word_1_283' title='bbox 460 4035 598 4089; x_wconf 87' lang='lat' dir='ltr'>scribtura</span> <span class='ocrx_word' id='word_1_284' title='bbox 621 4034 661 4098; x_wconf 88' lang='lat' dir='ltr'>L;</span> <span class='ocrx_word' id='word_1_285' title='bbox 684 4032 836 4103; x_wconf 87' lang='lat' dir='ltr'>scriptione</span> <span class='ocrx_word' id='word_1_286' title='bbox 857 4064 889 4072; x_wconf 88' lang='lat'>—</span> <span class='ocrx_word' id='word_1_287' title='bbox 910 4034 1047 4103; x_wconf 81' lang='lat' dir='ltr'>scripture</span> <span class='ocrx_word' id='word_1_288' title='bbox 1069 4033 1128 4086; x_wconf 83' lang='lat' dir='ltr'>rell.</span> <span class='ocrx_word' id='word_1_289' title='bbox 1149 4063 1179 4070; x_wconf 95' lang='lat'><strong>—</strong></span> <span class='ocrx_word' id='word_1_290' title='bbox 1200 4035 1370 4096; x_wconf 76' lang='grc' dir='ltr'><strong><em>ανθρωποαι</em></strong></span> 
     </span>
     <span class='ocr_line' id='line_1_38' title="bbox 14 4111 1370 4184; baseline -0.007 -11"><span class='ocrx_word' id='word_1_291' title='bbox 14 4140 18 4173; x_wconf 85' lang='grc'>;</span> <span class='ocrx_word' id='word_1_292' title='bbox 113 4133 181 4183; x_wconf 70' lang='grc' dir='ltr'>περι</span> <span class='ocrx_word' id='word_1_293' title='bbox 209 4116 369 4170; x_wconf 65' lang='lat' dir='ltr'>cadmeas&lt;</span> <span class='ocrx_word' id='word_1_294' title='bbox 391 4115 432 4180; x_wconf 82' lang='lat' dir='ltr'>L,·</span> <span class='ocrx_word' id='word_1_295' title='bbox 461 4112 584 4184; x_wconf 61' lang='lat' dir='ltr'>s,}11;</span> <span class='ocrx_word' id='word_1_296' title='bbox 610 4130 667 4170; x_wconf 79' lang='lat' dir='ltr'>exc.</span> <span class='ocrx_word' id='word_1_297' title='bbox 694 4114 768 4183; x_wconf 78' lang='lat' dir='ltr'>quod</span> <span class='ocrx_word' id='word_1_298' title='bbox 790 4113 835 4168; x_wconf 78' lang='lat' dir='ltr'>hic</span> <span class='ocrx_word' id='word_1_299' title='bbox 858 4117 1037 4181; x_wconf 73' lang='grc' dir='ltr'><strong><em>ανθραποαι,</em></strong></span> <span class='ocrx_word' id='word_1_300' title='bbox 1062 4131 1077 4166; x_wconf 88' lang='grc' dir='ltr'><strong>ο</strong></span> <span class='ocrx_word' id='word_1_301' title='bbox 1101 4128 1188 4181; x_wconf 84' lang='lat' dir='ltr'>supro</span> <span class='ocrx_word' id='word_1_302' title='bbox 1212 4130 1230 4163; x_wconf 89' lang='grc' dir='ltr'><strong>α</strong></span> <span class='ocrx_word' id='word_1_303' title='bbox 1254 4111 1370 4164; x_wconf 73' lang='lat' dir='ltr'>oderam</span> 
     </span>
     <span class='ocr_line' id='line_1_39' title="bbox 14 4187 1370 4265; baseline -0.006 -13"><span class='ocrx_word' id='word_1_304' title='bbox 14 4187 20 4241; x_wconf 72' lang='grc' dir='ltr'>’Ϊ</span> <span class='ocrx_word' id='word_1_305' title='bbox 109 4197 220 4265; x_wconf 53' lang='lat' dir='ltr'>posim</span> <span class='ocrx_word' id='word_1_306' title='bbox 245 4196 317 4251; x_wconf 71' lang='lat' dir='ltr'>idm</span> <span class='ocrx_word' id='word_1_307' title='bbox 342 4211 377 4250; x_wconf 74' lang='lat' dir='ltr'>m.</span> <span class='ocrx_word' id='word_1_308' title='bbox 405 4199 425 4250; x_wconf 79' lang='lat'><strong><em>2</em></strong></span> <span class='ocrx_word' id='word_1_309' title='bbox 451 4197 656 4261; x_wconf 73' lang='grc' dir='ltr'>τενεθλιὸικεςς</span> <span class='ocrx_word' id='word_1_310' title='bbox 686 4192 713 4247; x_wconf 80' lang='lat' dir='ltr'><em>G</em></span> <span class='ocrx_word' id='word_1_311' title='bbox 739 4197 992 4262; x_wconf 75' lang='grc' dir='ltr'>περγενεολιαικες.</span> <span class='ocrx_word' id='word_1_312' title='bbox 1019 4224 1051 4232; x_wconf 95' lang='grc'>-</span> <span class='ocrx_word' id='word_1_313' title='bbox 1082 4192 1121 4245; x_wconf 83' lang='grc'>20</span> <span class='ocrx_word' id='word_1_314' title='bbox 1148 4191 1218 4257; x_wconf 85' lang='lat' dir='ltr'>Cic.;</span> <span class='ocrx_word' id='word_1_315' title='bbox 1252 4192 1286 4257; x_wconf 71' lang='lat' dir='ltr'>cf.</span> <span class='ocrx_word' id='word_1_316' title='bbox 1316 4195 1370 4245; x_wconf 84' lang='lat'>133</span> 
     </span>
     <span class='ocr_line' id='line_1_40' title="bbox 13 4270 1369 4346; baseline -0.006 -16"><span class='ocrx_word' id='word_1_317' title='bbox 13 4314 21 4345; x_wconf 80' lang='lat' dir='ltr'>r</span> <span class='ocrx_word' id='word_1_318' title='bbox 113 4276 260 4330; x_wconf 78' lang='lat' dir='ltr'>lacessere</span> <span class='ocrx_word' id='word_1_319' title='bbox 290 4304 322 4315; x_wconf 89' lang='lat'><em>-</em></span> <span class='ocrx_word' id='word_1_320' title='bbox 351 4273 536 4345; x_wconf 89' lang='lat' dir='ltr'>philosophae</span> <span class='ocrx_word' id='word_1_321' title='bbox 562 4275 613 4346; x_wconf 53' lang='lat' dir='ltr'>Hp</span> <span class='ocrx_word' id='word_1_322' title='bbox 641 4304 674 4314; x_wconf 92' lang='lat'>-</span> <span class='ocrx_word' id='word_1_323' title='bbox 703 4273 739 4327; x_wconf 89' lang='grc'><strong>21</strong></span> <span class='ocrx_word' id='word_1_324' title='bbox 774 4271 939 4342; x_wconf 85' lang='lat' dir='ltr'>scriptiones</span> <span class='ocrx_word' id='word_1_325' title='bbox 974 4271 998 4325; x_wconf 80' lang='lat'><em>0</em></span> <span class='ocrx_word' id='word_1_326' title='bbox 1024 4288 1068 4341; x_wconf 81' lang='lat' dir='ltr'>pr.</span> <span class='ocrx_word' id='word_1_327' title='bbox 1102 4271 1156 4341; x_wconf 52' lang='grc' dir='ltr'>ΕΗ·</span> <span class='ocrx_word' id='word_1_328' title='bbox 1189 4270 1369 4339; x_wconf 87' lang='lat' dir='ltr'>scriptionem</span> 
     </span>
     <span class='ocr_line' id='line_1_41' title="bbox 112 4349 1369 4424; baseline -0.006 -14"><span class='ocrx_word' id='word_1_329' title='bbox 112 4354 236 4424; x_wconf 79' lang='lat' dir='ltr'>(scribt)</span> <span class='ocrx_word' id='word_1_330' title='bbox 268 4357 328 4411; x_wconf 85' lang='lat' dir='ltr'>odd.</span> <span class='ocrx_word' id='word_1_331' title='bbox 359 4373 390 4424; x_wconf 86' lang='lat' dir='ltr'>p.</span> <span class='ocrx_word' id='word_1_332' title='bbox 419 4361 480 4410; x_wconf 82' lang='lat'><em>133.</em></span> <span class='ocrx_word' id='word_1_333' title='bbox 504 4385 539 4396; x_wconf 90' lang='lat'>-</span> <span class='ocrx_word' id='word_1_334' title='bbox 568 4356 605 4409; x_wconf 89' lang='grc'>22</span> <span class='ocrx_word' id='word_1_335' title='bbox 632 4354 765 4408; x_wconf 82' lang='lat' dir='ltr'>Aeneidis</span> <span class='ocrx_word' id='word_1_336' title='bbox 795 4352 823 4407; x_wconf 84' lang='lat'>0.</span> <span class='ocrx_word' id='word_1_337' title='bbox 849 4383 880 4391; x_wconf 88' lang='lat'>-—</span> <span class='ocrx_word' id='word_1_338' title='bbox 910 4352 947 4406; x_wconf 76' lang='grc'>23</span> <span class='ocrx_word' id='word_1_339' title='bbox 977 4368 1048 4420; x_wconf 89' lang='lat' dir='ltr'>quae</span> <span class='ocrx_word' id='word_1_340' title='bbox 1078 4350 1242 4415; x_wconf 62' lang='lat' dir='ltr'>Fraternas:</span> <span class='ocrx_word' id='word_1_341' title='bbox 1275 4349 1369 4418; x_wconf 78' lang='lat' dir='ltr'>Lips.;</span> 
     </span>
     <span class='ocr_line' id='line_1_42' title="bbox 109 4429 1370 4505; baseline -0.006 -15"><span class='ocrx_word' id='word_1_342' title='bbox 109 4435 190 4505; x_wconf 89' lang='lat' dir='ltr'>quod</span> <span class='ocrx_word' id='word_1_343' title='bbox 217 4433 245 4490; x_wconf 81' lang='lat'>0.</span> <span class='ocrx_word' id='word_1_344' title='bbox 265 4465 297 4475; x_wconf 93' lang='lat'>-</span> <span class='ocrx_word' id='word_1_345' title='bbox 317 4451 395 4502; x_wconf 84' lang='lat' dir='ltr'>aras,</span> <span class='ocrx_word' id='word_1_346' title='bbox 419 4434 496 4489; x_wconf 81' lang='lat' dir='ltr'>locos</span> <span class='ocrx_word' id='word_1_347' title='bbox 516 4434 553 4488; x_wconf 82' lang='lat' dir='ltr'><strong><em>M</em></strong></span> <span class='ocrx_word' id='word_1_348' title='bbox 572 4433 660 4499; x_wconf 82' lang='lat' dir='ltr'>(locos</span> <span class='ocrx_word' id='word_1_349' title='bbox 682 4435 739 4487; x_wconf 81' lang='lat' dir='ltr'>iam</span> <span class='ocrx_word' id='word_1_350' title='bbox 762 4433 838 4488; x_wconf 82' lang='lat' dir='ltr'>Dan.</span> <span class='ocrx_word' id='word_1_351' title='bbox 863 4433 1007 4501; x_wconf 78' lang='lat' dir='ltr'>Heinsius)</span> <span class='ocrx_word' id='word_1_352' title='bbox 1034 4431 1115 4486; x_wconf 86' lang='lat' dir='ltr'>ardet</span> <span class='ocrx_word' id='word_1_353' title='bbox 1133 4431 1211 4484; x_wconf 85' lang='lat' dir='ltr'>locus</span> <span class='ocrx_word' id='word_1_354' title='bbox 1231 4430 1267 4498; x_wconf 80' lang='grc'>0,·</span> <span class='ocrx_word' id='word_1_355' title='bbox 1289 4429 1370 4483; x_wconf 85' lang='lat' dir='ltr'>ardet</span> 
     </span>
     <span class='ocr_line' id='line_1_43' title="bbox 109 4509 1369 4585; baseline -0.008 -14"><span class='ocrx_word' id='word_1_356' title='bbox 109 4517 193 4572; x_wconf 87' lang='lat' dir='ltr'>locus</span> <span class='ocrx_word' id='word_1_357' title='bbox 212 4515 341 4584; x_wconf 60' lang='grc'><strong>11)».-</strong></span> <span class='ocrx_word' id='word_1_358' title='bbox 360 4516 522 4585; x_wconf 74' lang='lat' dir='ltr'>sequebatur</span> <span class='ocrx_word' id='word_1_359' title='bbox 544 4521 575 4569; x_wconf 82' lang='lat' dir='ltr'>ut</span> <span class='ocrx_word' id='word_1_360' title='bbox 591 4520 676 4583; x_wconf 72' lang='lat' dir='ltr'>puta:</span> <span class='ocrx_word' id='word_1_361' title='bbox 699 4513 728 4567; x_wconf 91' lang='lat' dir='ltr'>iu</span> <span class='ocrx_word' id='word_1_362' title='bbox 747 4512 833 4568; x_wconf 89' lang='lat' dir='ltr'>dubio</span> <span class='ocrx_word' id='word_1_363' title='bbox 852 4528 919 4567; x_wconf 88' lang='lat' dir='ltr'>esse.</span> <span class='ocrx_word' id='word_1_364' title='bbox 940 4543 975 4552; x_wconf 94' lang='lat'>-</span> <span class='ocrx_word' id='word_1_365' title='bbox 989 4512 1027 4567; x_wconf 79' lang='lat'>25</span> <span class='ocrx_word' id='word_1_366' title='bbox 1046 4529 1121 4582; x_wconf 90' lang='lat' dir='ltr'>segn.</span> <span class='ocrx_word' id='word_1_367' title='bbox 1141 4510 1270 4565; x_wconf 89' lang='lat' dir='ltr'>timidum</span> <span class='ocrx_word' id='word_1_368' title='bbox 1289 4509 1369 4562; x_wconf 87' lang='lat' dir='ltr'>dubi·</span> 
     </span>
     <span class='ocr_line' id='line_1_44' title="bbox 109 4588 1370 4664; baseline -0.01 -11"><span class='ocrx_word' id='word_1_369' title='bbox 109 4603 175 4653; x_wconf 85' lang='lat' dir='ltr'>tare</span> <span class='ocrx_word' id='word_1_370' title='bbox 202 4596 251 4663; x_wconf 79' lang='grc' dir='ltr'>Μ,·</span> <span class='ocrx_word' id='word_1_371' title='bbox 272 4598 301 4650; x_wconf 88' lang='lat' dir='ltr'>te</span> <span class='ocrx_word' id='word_1_372' title='bbox 324 4597 404 4650; x_wconf 87' lang='lat' dir='ltr'>metu</span> <span class='ocrx_word' id='word_1_373' title='bbox 428 4598 478 4650; x_wconf 91' lang='lat' dir='ltr'>aut</span> <span class='ocrx_word' id='word_1_374' title='bbox 502 4594 642 4664; x_wconf 74' lang='lat' dir='ltr'>aeguitate</span> <span class='ocrx_word' id='word_1_375' title='bbox 665 4592 833 4648; x_wconf 87' lang='lat' dir='ltr'>addubitare</span> <span class='ocrx_word' id='word_1_376' title='bbox 857 4594 918 4662; x_wconf 89' lang='lat' dir='ltr'>(aut</span> <span class='ocrx_word' id='word_1_377' title='bbox 941 4592 1007 4646; x_wconf 89' lang='lat' dir='ltr'>dub.</span> <span class='ocrx_word' id='word_1_378' title='bbox 1032 4594 1090 4662; x_wconf 62' lang='lat'>112,</span> <span class='ocrx_word' id='word_1_379' title='bbox 1110 4592 1146 4661; x_wconf 84' lang='lat' dir='ltr'>G)</span> <span class='ocrx_word' id='word_1_380' title='bbox 1167 4590 1195 4645; x_wconf 84' lang='lat'>0.</span> <span class='ocrx_word' id='word_1_381' title='bbox 1211 4622 1243 4629; x_wconf 95' lang='lat'><em>-</em></span> <span class='ocrx_word' id='word_1_382' title='bbox 1265 4591 1315 4642; x_wconf 88' lang='lat' dir='ltr'>aut</span> <span class='ocrx_word' id='word_1_383' title='bbox 1334 4588 1370 4653; x_wconf 82' lang='lat' dir='ltr'>L,</span> 
     </span>
     <span class='ocr_line' id='line_1_45' title="bbox 109 4669 1369 4749; baseline -0.012 -15"><span class='ocrx_word' id='word_1_384' title='bbox 109 4679 174 4749; x_wconf 80' lang='lat' dir='ltr'>H„-</span> <span class='ocrx_word' id='word_1_385' title='bbox 194 4675 271 4731; x_wconf 82' lang='lat' dir='ltr'>haud</span> <span class='ocrx_word' id='word_1_386' title='bbox 285 4677 319 4731; x_wconf 86' lang='lat' dir='ltr'>G.</span> <span class='ocrx_word' id='word_1_387' title='bbox 340 4706 374 4716; x_wconf 94' lang='lat'><em>-</em></span> <span class='ocrx_word' id='word_1_388' title='bbox 394 4677 436 4730; x_wconf 75' lang='lat' dir='ltr'>itu</span> <span class='ocrx_word' id='word_1_389' title='bbox 451 4692 498 4746; x_wconf 75' lang='lat' dir='ltr'>pq.</span> <span class='ocrx_word' id='word_1_390' title='bbox 518 4680 555 4730; x_wconf 91' lang='lat'>39</span> <span class='ocrx_word' id='word_1_391' title='bbox 572 4691 595 4730; x_wconf 85' lang='lat' dir='ltr'>s.</span> <span class='ocrx_word' id='word_1_392' title='bbox 615 4676 632 4731; x_wconf 88' lang='lat' dir='ltr'>l.</span> <span class='ocrx_word' id='word_1_393' title='bbox 652 4673 798 4729; x_wconf 87' lang='lat' dir='ltr'>eliminare</span> <span class='ocrx_word' id='word_1_394' title='bbox 816 4675 848 4726; x_wconf 81' lang='lat' dir='ltr'>in</span> <span class='ocrx_word' id='word_1_395' title='bbox 865 4690 890 4727; x_wconf 85' lang='lat' dir='ltr'>v.</span> <span class='ocrx_word' id='word_1_396' title='bbox 911 4672 992 4728; x_wconf 80' lang='lat' dir='ltr'>Accii</span> <span class='ocrx_word' id='word_1_397' title='bbox 1006 4688 1076 4741; x_wconf 78' lang='lat' dir='ltr'>pars</span> <span class='ocrx_word' id='word_1_398' title='bbox 1094 4672 1240 4727; x_wconf 79' lang='lat' dir='ltr'>librorum:</span> <span class='ocrx_word' id='word_1_399' title='bbox 1259 4673 1318 4723; x_wconf 88' lang='lat' dir='ltr'>tum</span> <span class='ocrx_word' id='word_1_400' title='bbox 1338 4669 1369 4720; x_wconf 88' lang='lat' dir='ltr'>ut</span> 
     </span>
     <span class='ocr_line' id='line_1_46' title="bbox 109 4749 1370 4831; baseline -0.011 -17"><span class='ocrx_word' id='word_1_401' title='bbox 109 4759 252 4831; x_wconf 25' lang='lat' dir='ltr'>elimiuor-</span> <span class='ocrx_word' id='word_1_402' title='bbox 271 4773 324 4828; x_wconf 81' lang='lat' dir='ltr'>pro</span> <span class='ocrx_word' id='word_1_403' title='bbox 351 4754 452 4811; x_wconf 83' lang='lat' dir='ltr'>timide</span> <span class='ocrx_word' id='word_1_404' title='bbox 480 4753 620 4809; x_wconf 90' lang='lat' dir='ltr'>elimiuor.</span> <span class='ocrx_word' id='word_1_405' title='bbox 640 4786 672 4795; x_wconf 93' lang='lat'><em>-</em></span> <span class='ocrx_word' id='word_1_406' title='bbox 697 4754 747 4810; x_wconf 79' lang='grc'>26.</span> <span class='ocrx_word' id='word_1_407' title='bbox 770 4752 806 4808; x_wconf 75' lang='grc'>27</span> <span class='ocrx_word' id='word_1_408' title='bbox 832 4752 902 4820; x_wconf 74' lang='lat' dir='ltr'>Cic:</span> <span class='ocrx_word' id='word_1_409' title='bbox 931 4752 966 4819; x_wconf 73' lang='lat' dir='ltr'>cs.</span> <span class='ocrx_word' id='word_1_410' title='bbox 992 4756 1048 4808; x_wconf 78' lang='lat'>251</span> <span class='ocrx_word' id='word_1_411' title='bbox 1072 4752 1090 4806; x_wconf 82' lang='lat'>1.</span> <span class='ocrx_word' id='word_1_412' title='bbox 1118 4749 1265 4820; x_wconf 85' lang='lat' dir='ltr'>castigare.</span> <span class='ocrx_word' id='word_1_413' title='bbox 1286 4777 1318 4788; x_wconf 85' lang='lat'>-</span> <span class='ocrx_word' id='word_1_414' title='bbox 1339 4749 1370 4801; x_wconf 86' lang='lat' dir='ltr'>st</span> 
     </span>
    </p>
   </div>
   <div class='ocr_carea' id='block_1_16' title="bbox 0 0 1586 5326">
    <p class='ocr_par' dir='ltr' id='par_1_16' title="bbox 0 0 1586 5326">
     <span class='ocr_line' id='line_1_47' title="bbox 0 0 1586 5326; baseline 0 0"><span class='ocrx_word' id='word_1_415' title='bbox 0 0 1586 5326; x_wconf 95' lang='lat' dir='ltr'> </span> 
     </span>
    </p>
   </div>
  </div>
 </body>
</html>
