3098 5316
475 312 523 366 DE
540 310 794 367 PROPRIETATE
813 310 1027 366 SERMONVM.
1058 310 1075 364 1.

309 477 441 543 ventique
459 473 563 543 frigido
582 492 612 529 aa
631 473 668 527 ab
687 489 739 528 axe
758 475 921 543 eruperant,

137 567 157 616 10
310 555 461 628 phrenitioi
479 555 701 624 septentrionum
720 552 786 620 11111,

309 637 403 689 aeerim
422 633 544 689 ferentes
562 635 688 705 tegulae,
707 636 812 702 ramos,
831 651 919 703 ayrua.

230 720 379 809 'avitiam
399 745 519 809 dieitur
538 744 729 810 virilitatem
748 745 909 827 amittere,
932 740 1127 807 ecfeminari.
1164 739 1269 806 Varro
1288 740 1402 806 Maroi-

197 876 242 918 re:

165 877 197 940 P⁰
308 956 420 1025 spatula
438 954 561 1010 eviravit
578 956 673 1009 omnen
692 957 793 1024 pnerba
812 953 987 1025 veneuvaga

138 1082 149 1128 ⁵
240 1084 407 1131 nvnrnam
431 1065 666 1151 proprietatem
689 1064 826 1130 trahunt
849 1088 869 1129 a
890 1065 954 1129 levi
974 1088 1011 1131 ao
1030 1063 1100 1128 aine
1119 1063 1260 1147 pondere
1279 1067 1313 1126 et
1331 1085 1404 1128 con-

160 1172 323 1238 temnendo
346 1176 412 1254 aut,
435 1172 521 1257 quod
545 1172 650 1257 magia
674 1193 786 1241 verum
811 1175 874 1254 eat,
901 1171 1033 1236 ludicro.
1078 1169 1242 1256 Vergilius
1266 1170 1321 1235 lib.
1341 1167 1403 1234 VI:

521 1291 597 1348 foliia
615 1293 727 1347 tantum
744 1311 780 1348 ne
799 1292 925 1349 carmina
942 1294 1061 1360 manda,

307 1391 343 1428 ne
361 1373 477 1429 turbata
495 1373 591 1429 volent
609 1373 717 1443 rapidis
736 1373 859 1429 ludibria
877 1373 977 1428 ventis.

241 1502 358 1549 raama
373 1483 605 1569 proprietatem
622 1483 784 1548 aferitate
804 1485 909 1549 morbi
928 1485 976 1548 vel
998 1485 1074 1548 mali
1088 1506 1160 1544 *a*
1176 1487 1212 1548 ut
1231 1506 1251 1546 a
1269 1482 1403 1547 calendo

138 1592 314 1662 reatorem
337 1592 387 1655 vel
412 1590 606 1656 caldorem
631 1587 736 1655 Varro
761 1589 944 1655 Andabatia
970 1590 1176 1676 aperiendam
1200 1594 1308 1673 putat:

307 1713 427 1781 {deoque
446 1713 566 1767 alterum
586 1711 763 1781 appellamur
781 1714 799 1767 a
817 1712 934 1767 calendo
954 1711 1107 1779 obldoram,

307 1793 425 1846 altemm
447 1790 591 1846 refervere
610 1790 720 1849 febrim.

243 1919 427 1968 mentam
450 1900 573 1965 dictum
597 1904 647 1965 eat
670 1901 838 1967 fraudibus
862 1905 896 1966 et
920 1901 1095 1968 mendaciis
1119 1924 1195 1967 vera
1218 1904 1402 1986 pervertere

171 2012 215 2076 rel
233 2010 370 2095 effugere,
393 2005 543 2096 [dietum]
568 2009 609 2073 ab
633 2009 756 2075 incerto
780 2013 814 2074 et
836 2010 961 2075 intorto
987 2010 1131 2095 vulpium
1155 2031 1258 2074 ouran.
1297 2007 1403 2075 Varro

138 2132 161 2180 b
175 2118 327 2202 hiysteriis:

309 2221 454 2290 vulpinare
473 2221 557 2276 modo
575 2223 606 2274 et
623 2237 759 2276 ooncnraa
777 2222 926 2291 qualebet,
944 2228 1020 2277 erro!

248 2347 442 2396 svrnnanvn
471 2330 588 2394 dieitur
610 2334 741 2416 proprie
765 2333 938 2416 tumidum,
967 2336 1107 2396 erectum
1133 2335 1166 2394 et
1189 2331 1283 2414 qnasi
1306 2337 1402 2394 vento

182 2438 291 2524 quodam
315 2438 430 2502 elatius
454 2435 586 2504 tautum.
631 2437 737 2503 Varro
761 2438 950 2525 Agathone:

315 2576 404 2629 neque
423 2562 493 2614 ar‘rro
513 2561 563 2613 aut
580 2575 682 2630 genere
701 2562 751 2614 aut
768 2560 922 2630 mrtltiplioi
940 2561 1059 2617 seientia

139 2666 173 2715 ,ῃ
309 2639 436 2725 sufflatus
454 2639 567 2708 quaerit
586 2641 709 2696 Sucratia
728 2641 857 2711 vestigia.

139 2732 142 2799 ἷ
248 2767 474 2832 vesperarum,
498 2751 618 2814 animal
644 2751 785 2835 volucre,
809 2751 958 2835 biforme,
977 2748 994 2839 ΙΙ
1014 2752 1134 2815 dictum
1160 2750 1244 2834 quod
1269 2771 1402 2833 vespero

139 2804 208 2926 irse
232 2857 264 2921 ad
291 2858 432 2922 volatum
460 2860 633 2942 praeparet
660 2857 774 2922 noctis.
820 2856 924 2922 Varro
954 2857 1139 2942 Agathone:
1174 2856 1251 2939 quid
1279 2858 1403 2920 multa?

251 3056 277 3103 12
293 3049 382 3103 Varro
400 3050 558 3120 Marcipore
572 3052 582 3119 1
598 3056 630 3104 16
650 3049 696 3117 vl,
717 3053 774 3119 741
787 3057 822 3104 20
841 3050 930 3105 Varro
948 3049 1106 3105 Andabatis
1120 3053 1177 3118 124
1198 3050 1285 3104 Varro
1301 3049 1404 3116 Myste-

186 3132 219 3185 rib
229 3134 236 3199 Ι
247 3137 275 3184 28
291 3130 379 3184 Varro
398 3129 547 3200 Agathone
561 3134 598 3199 11
620 3130 708 3184 Varro
727 3131 883 3197 Agathone.

246 3312 343 3364 trorr.
363 3308 569 3378 1uu.,·frigido
588 3309 637 3363 aab
656 3325 706 3362 axe
725 3308 910 3378 erumpebant
928 3307 1063 3378 (incidor,
1082 3315 1147 3363 aaut.
1167 3308 1334 3377 infrigidas
1356 3306 1405 3359 aab

185 3391 212 3455 1,·
224 3390 327 3455 frigidos
346 3390 383 3444 ab
403 3390 459 3460 H„
481 3391 513 3443 (ι’.
531 3421 562 3429 -
583 3406 630 3444 aaa
650 3390 703 3459 H,)
723 3389 752 3443 0.
773 3421 805 3428 -
824 3391 918 3457 fuerat
936 3391 1000 3444 olim
1020 3392 1207 3459 erumperant.
1229 3421 1261 3428 -
1283 3390 1303 3455 s.
1324 3408 1349 3443 v.
1369 3390 1404 3441 ab

186 3487 219 3524 ne
233 3471 259 3525 tr.
276 3488 305 3524 ae
323 3488 360 3526 er.
380 3500 413 3510 -
436 3469 472 3522 lo
490 3472 531 3523 ita
550 3470 622 3523 Soet.
646 3470 715 3523 oeni.
740 3472 772 3522 iu
799 3469 877 3523 Vurr.
893 3487 940 3539 pp.
957 3474 996 3524 72
1014 3473 1053 3526 ed.
1073 3489 1099 3525 a.
1120 3477 1191 3524 11119
1198 3493 1208 3538 ‚·
1226 3468 1355 3524 frenetici
1376 3467 1404 3520 0.

184 3552 226 3616 11.
241 3551 272 3604 fit
290 3550 350 3620 phr.
370 3581 403 3590 —
426 3549 459 3603 ll
480 3566 558 3603 ramo
573 3548 611 3602 H.
629 3580 661 3589 -
681 3567 757 3604 sorus
777 3549 822 3620 L,
845 3582 875 3588 -
897 3549 933 3602 12
954 3550 1062 3606 Evirari
1084 3549 1407 3621 Quicheratus,h1virnre

184 3630 224 3682 oid.
243 3661 267 3668 -
289 3628 429 3682 viritatem
450 3628 481 3681 L.
504 3661 534 3667 --
555 3646 623 3696 am,
642 3628 805 3684 ecfeminari
825 3630 872 3695 M,
891 3648 945 3684 am.
965 3630 1121 3699 (ammittat
1139 3632 1203 3701 lq),
1227 3634 1256 3686 et
1274 3631 1363 3685 effem.
1384 3648 1406 3683 v.

184 3738 205 3747 -
222 3707 369 3779 Manoipore
396 3710 443 3779 11¹.
469 3740 501 3748 -
533 3709 568 3762 14
597 3710 710 3779 apatulu
733 3713 797 3780 M,;
823 3711 931 3780 apatate
957 3713 1024 3766 Ian.
1050 3741 1082 3750 -
1112 3717 1161 3765 aut
1187 3712 1236 3765 boc
1259 3716 1309 3764 aut
1336 3711 1408 3763 illud

140 3834 143 3865 :
183 3790 382 3857 flptaectendum
409 3806 473 3842 nam
502 3790 614 3858 spatula
642 3797 672 3844 at
696 3797 767 3859 pato
790 3807 847 3844 non
870 3794 958 3862 mapia
981 3793 1098 3845 latinam
1122 3809 1203 3860 quam
1227 3790 1348 3844 Hecube.
1374 3820 1406 3828 -

140 3936 145 3943 .
181 3886 257 3937 pueros
275 3869 441 3937 renerivaga
464 3869 599 3924 varamus
622 3873 659 3938 (p.
679 3870 843 3939 venerisuga
861 3874 918 3926 ium
936 3872 1075 3939 Laetum
1098 3869 1268 3938 venerivnga
1285 3888 1311 3939 p.
1331 3869 1408 3935 cdd„-

140 3948 147 4023 ξ
179 3950 300 4013 treneri’
322 3967 405 4018 vaga.
424 3980 457 3990 -
477 3956 524 4006 cet.
549 3952 583 4016 cs.
608 3951 677 4004 Hor.
701 3957 753 4005 aut.
784 3952 980 4020 1,3,1oosq.
1006 3949 1105 4003 -1r›.
1127 3950 1163 4003 111
1185 3948 1407 4017 contempnendo

177 4030 201 4081 (ι’.
219 4061 246 4069 -
268 4030 393 4084 ludiehro
416 4029 451 4083 L.
471 4061 505 4069 -
525 4030 573 4083 19.
592 4029 630 4082 20
653 4029 783 4084 servitute
803 4032 854 4101 11,
875 4063 907 4071 —-
927 4034 957 4085 iu
979 4048 1047 4101 seqq.
1067 4031 1169 4084 excidit
1187 4031 1349 4107 etymolopr'a
1366 4046 1407 4092 ea,

175 4110 235 4161 cuae
251 4108 335 4162 Varro
353 4116 450 4163 anaor
464 4111 588 4178 ponitur.
609 4117 655 4164 cet.
675 4112 709 4178 cf.
730 4117 754 4165 et
775 4112 877 4166 Iaidor.
899 4112 956 4176 IV,
975 4117 1002 4178 6,
1020 4119 1049 4166 2.
1072 4142 1102 4150 -
1126 4111 1247 4163 calorem
1267 4109 1311 4160 vel
1335 4110 1407 4161 aare·

174 4194 209 4239 tar
224 4189 365 4245 Martum.
387 4221 417 4228 —
440 4189 590 4242 candorem
610 4190 649 4256 L,
672 4194 718 4260 H,
741 4222 772 4230 —
793 4190 949 4245 Andunatia
969 4191 1015 4260 L,.
1036 4222 1069 4230 -
1090 4191 1138 4244 ar.
1157 4189 1194 4242 29.
1218 4205 1310 4242 verena
1332 4190 1407 4240 reati-

170 4270 214 4320 teir
225 4269 263 4321 M.
278 4299 309 4307 -
330 4267 451 4336 ideoque
465 4269 593 4337 Rumina,
612 4269 697 4338 idque
715 4289 739 4324 υ.
755 4302 788 4310 -
809 4272 949 4325 ealdorern
964 4272 1007 4339 M,
1026 4272 1147 4325 calorem
1167 4270 1226 4324 cdd.
1240 4297 1274 4309 -
1290 4267 1327 4321 ⁸33
1342 4265 1408 4321 Vul-

168 4347 257 4415 pinari,
279 4345 473 4414 ἀλωπεκίζειν.
495 4380 527 4389 -
552 4349 694 4404 mendacia
714 4352 766 4421 Hr·
787 4382 819 4391 -
839 4350 877 4404 24
900 4353 982 4419 effug.
1003 4353 1056 4405 oid.
1076 4352 1140 4404 add.
1160 4369 1179 4402 a
1197 4349 1270 4402 Non.
1297 4353 1410 4416 propter

170 4426 235 4482 Varr.
249 4430 408 4498 amplum.
430 4461 461 4467 -
482 4429 588 4483 dictum
611 4433 671 4486 aeci.
691 4437 730 4489 M.
747 4464 780 4473 —
800 4431 907 4486 incerto
927 4434 956 4485 et
974 4434 1015 4499 (et
1033 4433 1089 4484 iam
1105 4430 1225 4496 Iresiae)
1241 4428 1283 4494 M,
1302 4427 1409 4480 inrecto

161 4509 297 4575 (intectum
312 4509 368 4578 11,)
389 4508 438 4562 aed
456 4510 516 4562 cdd.
533 4541 566 4549 —
586 4510 624 4564 211
643 4510 777 4565 Misteriia
793 4514 845 4583 11,
862 4544 894 4552 -
915 4512 952 4565 26
971 4528 1031 4563 erro
1049 4513 1110 4578 (aeq.
1127 4511 1151 4576 a)
1168 4509 1201 4561 M
1208 4530 1218 4574 ;
1236 4524 1320 4574 erras,
1337 4508 1410 4575 quood

154 4606 204 4658 pro
228 4605 323 4642 errans
351 4592 476 4658 positam
504 4593 615 4659 uolunt,
641 4594 701 4647 odd.
732 4625 764 4632 —
789 4593 825 4647 tt?
851 4598 914 4646 aute
938 4590 1013 4643 Susfl.
1038 4591 1123 4642 trium
1145 4590 1200 4654 sere
1225 4588 1275 4641 litt.
1299 4601 1354 4639 raa.
1378 4587 1410 4638 ia

155 4671 185 4724 L.
203 4703 234 4710 -
257 4674 384 4724 erectum
406 4672 470 4737 Me,
489 4676 518 4726 et
542 4674 649 4724 rectum
672 4675 731 4727 cdd.
751 4705 786 4712 -
806 4674 843 4726 aa
869 4670 999 4725 iacientia
1022 4669 1068 4739 1,
1090 4700 1121 4708 -
1141 4669 1180 4722 bt)
1198 4666 1291 4735 querit
1308 4665 1356 4736 L1.
1377 4697 1409 4706 -

153 4753 185 4806 11
206 4749 381 4821 verpestilio
401 4751 449 4821 L,
470 4783 504 4791 —
525 4752 645 4807 bitorme
663 4753 711 4822 L„
731 4752 818 4807 forme
834 4754 884 4822 ΗῙ.
905 4783 939 4792 -
959 4767 1074 4819 vespere
1088 4752 1152 4803 Ala.
1173 4780 1205 4788 -
1227 4750 1241 4801 l
1262 4749 1411 4816 praeparet
