3164 5326
472 348 520 405 ΒΕ
538 348 760 405 RATIONIBVS
779 348 964 404 EDlTlONlS
982 348 1104 404 HVIVS.
1350 348 1416 413 313

254 513 406 598 Cupitum
439 510 666 598 inscriptiones
698 535 763 578 non
796 514 926 578 eaedem
955 536 1082 597 semper
1110 536 1193 599 quae
1219 514 1254 579 in
1282 514 1414 598 optimis

161 621 266 700 libris,
290 621 346 685 sed
369 620 542 705 aliquando
566 621 757 685 immutatae
780 620 831 683 vel
854 620 1002 686 omissae.

254 726 380 793 Novem
414 727 507 792 libris
540 749 578 791 ex
609 727 661 791 his
690 749 766 792 usus
796 731 846 793 ost
875 725 982 792 Maius
1010 729 1044 792 in
1067 725 1232 794 Ciceronis
1260 726 1299 793 do
1327 749 1361 791 re
1385 750 1416 811 p.

162 835 258 901 libris
286 834 499 919 castigandis,
527 835 582 899 sed
610 834 726 899 leviter
754 835 833 899 satis
858 839 891 900 et
913 834 1084 901 incuriose.
1130 835 1192 912 Qui
1215 834 1299 919 quod
1324 856 1415 919 prae·

162 943 289 1007 clarum
322 943 400 1008 dicit
427 942 618 1007 Vrbinatem
651 943 731 1027 307,
762 942 889 1007 videtur
920 943 948 1006 is
980 964 1057 1007 sane
1089 946 1254 1027 praestare
1286 942 1417 1025 ceteris3
1510 954 1514 964 '

161 1050 323 1116 notabilis
353 1050 450 1115 etiam
475 1049 572 1133 alter,
599 1050 632 1113 in
656 1071 719 1134 quo
742 1050 875 1115 tertium
899 1054 997 1134 caput
1020 1050 1125 1114 solum
1149 1053 1264 1115 exstat.
1310 1049 1416 1135 Igitur

162 1179 204 1222 ex
232 1157 283 1220 his
311 1156 405 1242 siqua
432 1160 525 1220 erant
548 1161 697 1240 excerpta
720 1157 804 1241 apud
829 1156 1043 1222 Ribbeckium
1067 1158 1101 1221 in
1124 1156 1270 1241 reliquiis
1295 1157 1417 1222 scaeni-

163 1286 276 1331 corum
309 1261 352 1352 (is
385 1266 553 1348 acceperat
581 1263 622 1328 ab
650 1262 688 1330 Ε.
717 1262 833 1348 Rodi03
867 1264 924 1328 sed
956 1285 1021 1348 qua
1048 1269 1098 1328 est
1126 1264 1259 1329 levitate
1287 1265 1416 1348 saepius

164 1371 313 1437 confudit
347 1367 533 1458 utrumque)
565 1371 700 1435 subinde
731 1372 867 1454 respexi.
899 1407 935 1416 -
971 1369 1143 1436 Praeterea
1175 1393 1213 1436 ex
1246 1371 1348 1436 isdem
1381 1376 1417 1435 ut
1491 1446 1494 1453 Ι

164 1501 205 1543 ex
228 1477 360 1562 reliquis
383 1482 498 1543 notata
520 1478 679 1561 quaedam
703 1500 722 1542 a
745 1476 832 1544 Maio
856 1478 1043 1562 Mauioque3
1071 1500 1154 1563 quae
1181 1479 1232 1543 bis
1254 1483 1344 1543 terve
1367 1478 1414 1543 in-

164 1586 277 1651 venies
300 1589 489 1652 memorate.

255 1692 354 1758 Plura
392 1692 430 1756 de
467 1692 558 1757 libris
592 1692 747 1757 Romanis
781 1692 936 1778 colligere
969 1714 1035 1758 non
1067 1697 1117 1758 est
1149 1715 1265 1776 operae
1298 1692 1418 1777 visum3

163 1801 311 1886 adeoque
339 1821 451 1865 omnes
479 1799 587 1885 exigui
614 1799 711 1884 pretii
739 1820 809 1863 esse
838 1798 1050 1864 adfirmatunt
1073 1801 1195 1885 plures,
1223 1801 1277 1885 qui
1301 1801 1416 1864 videre.

168 1945 206 1954 —
234 1907 435 1992 Quamquam
468 1927 533 1970 non
566 1927 649 1990 nego
682 1905 809 1971 collatis
838 1906 883 1970 eis
912 1907 1069 1973 curiosius
1097 1906 1150 1972 hic
1178 1908 1245 1971 illic
1273 1908 1413 1992 aliquam

164 2014 335 2099 archetypi
364 2013 525 2099 Poggiani
556 2013 720 2098 propriam
752 2013 949 2098 eandemque
982 2037 1046 2079 non
1080 2014 1294 2098 spernendam
1321 2037 1416 2099 posse

165 2123 240 2188 elici
268 2121 450 2187 lectionem.
496 2120 565 2185 Nos
592 2124 702 2185 tamon
731 2142 804 2185 cum
832 2120 898 2184 iam
921 2118 1029 2186 Nonio
1056 2123 1129 2206 plus
1156 2123 1256 2186 nimio
1281 2126 1313 2186 et
1336 2126 1415 2186 tem·

164 2231 257 2316 poris
285 2232 317 2293 ct
344 2228 498 2312 pecuniae
520 2227 803 2312 insumpserimus,
831 2227 893 2293 hoc
917 2228 1075 2313 agendum
1099 2230 1311 2314 relinquimus
1335 2229 1417 2293 aliis.

256 2334 366 2400 Etiam
386 2333 622 2400 Ambrosianos
641 2334 722 2399 duos
741 2335 851 2419 libros,
874 2337 952 2399 item
971 2335 1114 2401 Venetos
1133 2336 1218 2420 illos,
1241 2335 1416 2421 dequibus

165 2465 236 2529 cap.
259 2440 309 2507 ΠΙ
332 2441 456 2506 mentio
479 2441 611 2520 iniecta,
639 2466 659 2507 a
683 2443 798 2507 iuvene
822 2443 961 2528 quodam
984 2443 1129 2507 litterato
1153 2444 1330 2528 inspectos,
1355 2443 1417 2508 fut

165 2552 243 2616 tiles
267 2570 338 2614 esse
360 2548 595 2634 mendososque
619 2571 655 2613 ac
679 2550 812 2614 mutilos
836 2554 998 2616 testantur
1022 2548 1218 2615 Basilienses
1242 2551 1416 2636 eodemque

166 2659 239 2723 loco
264 2656 429 2721 habendos
453 2654 699 2740 Neapolitanos.

257 2764 389 2828 Praeter
412 2762 472 2827 hos
498 2784 578 2847 quos
601 2765 788 2829 enumeravi
812 2764 909 2829 etiam
933 2764 1014 2829 alios
1038 2766 1158 2829 multos
1178 2765 1298 2830 saeculi
1317 2765 1416 2848 potis·

166 2872 287 2937 simum
302 2868 362 2934 XV
382 2869 507 2934 codices
526 2868 561 2932 in
576 2869 790 2935 Bibliothecis
806 2870 968 2955 Austriae,
988 2870 1121 2956 Galliae,
1141 2872 1255 2937 ltaliae
1270 2873 1417 2936 aliarum-

165 3000 229 3064 quo
257 2984 416 3043 terrarum
446 2978 547 3041 latere
576 2982 713 3041 constat.
760 2976 848 3052 Quos
875 2977 930 3062 qui
958 2978 1129 3060 evolverit,
1157 2985 1190 3044 et
1217 2979 1418 3063 corruptelas

168 3085 274 3170 magis
298 3085 396 3149 etiam
421 3084 580 3149 deformes
604 3084 745 3168 vulgatis
770 3087 802 3149 et
825 3085 1092 3167 interpolationes
1112 3086 1268 3151 hactenus
1287 3086 1418 3171 ignotas

167 3193 401 3277 deprensumm
421 3192 540 3255 multas
558 3213 624 3255 non
643 3213 737 3276 nego,
759 3212 842 3275 nego
862 3190 1065 3256 inventurum
1084 3192 1148 3256 nisi
1167 3194 1362 3276 paucissima
1381 3216 1418 3259 ae

165 3301 221 3364 vix
241 3299 399 3364 memoria
417 3298 525 3384 digna,
548 3298 664 3383 quibus
685 3297 867 3363 emendatio
886 3298 1034 3382 proficiat
1053 3296 1162 3383 Nonii,
1180 3304 1313 3383 excepto
1333 3301 1417 3384 quod

163 3407 263 3472 unius
291 3406 342 3469 rel
371 3406 506 3470 alterius
535 3406 736 3471 coniecturae
765 3406 803 3469 de
830 3411 959 3469 auctore
983 3405 1087 3489 primo
1111 3408 1231 3471 certius
1255 3407 1321 3471 iam
1345 3429 1418 3472 con·

163 3513 270 3580 stabit
293 3535 390 3597 quam
414 3516 500 3578 ante.

256 3618 423 3684 Hactenus
447 3620 534 3685 haec.
580 3620 666 3684 Nam
690 3621 728 3685 de
752 3619 902 3703 glosariis
925 3618 1206 3705 Lugdunensibus,
1228 3621 1346 3706 quibus
1370 3623 1418 3686 nsi

164 3750 281 3793 sumus
304 3726 477 3810 interdum,
500 3727 580 3792 satis
605 3730 655 3792 est
679 3727 861 3812 expositum
885 3749 953 3811 cap.
976 3726 1036 3792 Ill.

765 4160 825 4235 VI.

372 4319 435 4391 DE
463 4319 754 4393 RATIONIBVS
784 4320 1025 4393 EDI'l'lONlS
1054 4322 1208 4397 HVlVS.

256 4477 326 4541 Iam
356 4480 391 4540 ut
418 4476 540 4541 relicua
563 4478 748 4563 absolvam,
775 4478 856 4544 illud
880 4500 939 4562 pro
963 4479 1136 4561 modestia,
1165 4503 1262 4564 quam
1286 4480 1419 4543 insitam

163 4585 298 4671 penitus
327 4582 432 4648 sentio
462 4583 541 4647 mihi
570 4589 602 4648 et
626 4586 771 4669 infixam,
799 4587 940 4669 primum
964 4586 1108 4649 omniurn
1133 4588 1308 4651 cavendum
1334 4587 1420 4671 duxi,

163 4714 206 4758 ne
230 4692 305 4776 plus
330 4712 411 4755 neve
435 4691 540 4755 minus
564 4697 751 4776 exspectent
773 4693 860 4757 docti
884 4715 931 4776 eo,
954 4693 1038 4777 quod
1063 4698 1229 4777 praestare
1254 4717 1305 4757 me
1325 4716 1419 4777 posse

165 4799 355 4884 spondeam.
