3164 5326
531 320 579 374 ml
598 319 828 375 INDISCRETIS
847 319 1061 398 eunuufflvs.
1090 320 1135 375 III.
1390 322 1457 386 285

1316 415 1360 454 ros.
1376 416 1415 454 ier
1428 413 1461 453 n.

153 487 189 536 25
528 484 561 536 ui
578 498 662 550 quam
680 480 879 551 fragilissimus
897 483 984 537 alvos.

299 591 437 656 elalius
461 593 665 657 aueioritatis
689 592 861 658 obscurae:

370 712 447 767 Maia
464 731 562 769 nemus
582 715 705 770 retinens
724 714 842 786 gravido
862 713 992 785 concepit
1009 715 1039 770 in
1058 715 1130 771 alvo.

300 841 562 890 Acchl'rlorlloll
586 845 702 910 genere
726 825 883 890 feminino
902 823 945 890 M.
964 824 1090 891 'Pullius
1114 825 1153 889 de
1172 830 1355 892 senectute:
1379 828 1459 892 bene

210 931 296 996 eninr
323 933 462 997 maiores
487 933 724 999 accubitionem
748 933 911 1017 epularem
937 932 1128 1017 amicorum,
1156 934 1248 1017 quasi
1271 935 1358 999 vitae
1386 956 1460 1000 con-

162 1040 408 1104 ieiunationum
431 1040 574 1125 haberet,
596 1041 769 1106 mairiam
790 1041 1136 1106 nominaverimus
1159 1035 1176 1128 ΙΙ

184 1318 194 1362 ¹
229 1320 232 1325 '
546 1307 711 1376 INCIPIT
733 1305 820 1374 PER
841 1305 869 1372 B
892 1307 1126 1374 LITTERAM.

299 1469 391 1517 aveo
414 1453 542 1537 generis
565 1420 722 1519 feminini.
758 1452 926 1537 Vergilius
950 1451 1111 1518 Aeneidos
1135 1451 1190 1517 lib.
1213 1450 1292 1516 llll:

371 1591 488 1643 seraque
508 1574 678 1629 culminibus
696 1574 776 1629 ferali
797 1574 920 1630 carmine
939 1575 1022 1631 bubo.

216 1682 226 1766 l}
246 1685 386 1768 [genere]
415 1684 597 1751 Masculino
623 1685 790 1770 Agellius†
814 1684 1035 1750 Hisioriarum
1059 1684 1114 1749 lib.
1138 1684 1167 1748 I:
1196 1690 1229 1749 el
1258 1684 1342 1769 quod
1371 1685 1457 1749 bubo

190 1789 249 1853 oin
269 1791 416 1857 columna
439 1791 528 1857 aedis
550 1790 637 1856 Iovis
661 1791 773 1856 sedens
798 1796 988 1876 conspectus
1011 1795 1070 1857 esi

298 1916 463 1964 annasse:
501 1900 627 1984 generis
663 1898 820 1964 feminini.
866 1898 909 1963 M.
942 1898 1067 1963 Tullius
1104 1921 1162 1983 pro
1197 1897 1295 1965 Sexto
1327 1898 1457 1964 Roscio:

221 2005 333 2070 occisus
356 2010 408 2071 esi
430 2006 470 2071 ad
494 2006 627 2071 balneas
647 2005 858 2089 Pallaceinas,
880 1997 1008 2072 rediens
1027 2031 1048 2072 a
1066 2028 1154 2089 cena,
1177 2003 1293 2071 Sextus
1315 2006 1460 2072 Roscius.
1530 2018 1533 2026 “

223 2112 408 2179 -Plautus
432 2113 597 2178 Asinaria:

368 2235 416 2291 llle
435 2235 464 2289 in
483 2235 609 2290 balineis
628 2233 747 2302 iturust;
766 2236 831 2289 lude
850 2234 906 2289 bue
924 2233 1020 2290 veniet
1033 2236 1136 2304 postea.

229 2348 423 2356 ..ψ-

300 2420 332 2469 26
350 2416 436 2485 poeta
454 2411 593 2478 incertum
612 2411 662 2467 sed
681 2413 716 2468 el.
736 2428 834 2468 comm.
853 2414 864 2483 Ι
883 2417 917 2467 28
939 2419 984 2481 13,
1004 2418 1038 2467 lo
1056 2416 1067 2482 l
1084 2418 1101 2467 2
1120 2412 1172 2481 IV,
1195 2418 1247 2468 462
1266 2415 1276 2484 l
1293 2419 1310 2468 4
1329 2413 1457 2484 Agellius

225 2493 324 2562 flisc13
342 2495 392 2550 sed
411 2495 445 2549 cf.
465 2510 564 2549 eornm.
578 2495 619 2562 lb
638 2499 664 2563 7,
683 2495 770 2564 1818
789 2493 823 2561 II,
843 2499 869 2563 2,
888 2498 931 2548 90.

227 2604 422 2615 ———

299 2672 344 2729 25.
359 2673 397 2728 26
411 2673 498 2728 alvos.
512 2674 543 2728 el
554 2671 690 2740 Rothius3
703 2671 768 2726 alvo
783 2668 859 2739 (albo
874 2670 925 2742 111)
939 2670 988 2726 sed
1003 2672 1033 2727 0.
1044 2703 1076 2712 -
1087 2673 1167 2727 alvus
1181 2672 1237 2743 ΒΗ·
1250 2673 1288 2727 iel.
1302 2690 1337 2730 m.
1352 2679 1372 2729 2
1387 2672 1459 2728 aliis.

226 2783 254 2794 -
269 2755 287 2819 s.
305 2756 333 2809 el
351 2752 451 2808 Calvus
473 2753 547 2808 obse.
567 2752 751 2809 auctoritatis.
789 2768 855 2805 narn
872 2752 1064 2823 Euphorionis
1081 2758 1205 2808 cameras
1218 2754 1393 2823 policarpum
1411 2755 1460 2809 boc

222 2833 308 2900 probro
325 2853 344 2888 a
361 2834 436 2890 Non.
455 2834 575 2900 adfectos
592 2834 624 2887 ia
639 2832 777 2902 prosumo
795 2838 834 2887 est
851 2835 1011 2903 expositam.
1044 2839 1069 2888 el
1083 2834 1177 2902 poluit
1193 2834 1343 2889 vesicam
1359 2850 1412 2888 esee
1425 2851 1459 2889 ec

226 2912 270 2968 Ire
283 2916 395 2985 epyllio;
416 2914 448 2969 in
465 2929 518 2984 quo
538 2914 677 2968 Mercurii
694 2914 794 2968 merliu
812 2913 896 2978 sacia.
917 2944 950 2952 —
969 2913 1005 2967 27
1025 2913 1101 2967 mala
1119 2912 1154 2967 L.
1175 2945 1208 2954 -
1227 2915 1298 2969 illud
1315 2932 1388 2970 nem.
1408 2917 1458 2968 reb.

224 3001 372 3064 asperim
391 2995 426 3061 cf.
446 3000 537 3049 lomere
556 2993 656 3049 Octull.
676 2998 721 3062 64,
739 3000 765 3049 9.
785 2993 926 3063 -grado
945 2994 978 3050 L.
997 3025 1026 3034 —
1043 2994 1191 3063 concoepit
1209 2996 1247 3049 id.
1268 2999 1331 3049 leste
1350 2994 1460 3062 Retbio,

224 3072 265 3145 Hl.
278 3106 309 3115 -
326 3076 364 3130 28
382 3074 419 3131 M.
439 3075 525 3140 Tull.;
549 3076 584 3141 cf.
603 3078 641 3129 42
660 3074 678 3128 l.
698 3072 827 3129 convivii.
848 3105 880 3113 -
901 3071 939 3127 29
963 3075 1126 3144 aepularum
1151 3076 1191 3141 L,
1216 3074 1275 3144 Η,,·
1297 3075 1459 3144 aepularem

224 3154 265 3225 ll,
278 3187 308 3196 -
322 3155 403 3224 qnasi
420 3161 490 3210 recte
509 3154 545 3221 L,
562 3155 621 3224 ΗΠ·
639 3153 706 3223 quia
722 3155 781 3209 rell.
796 3185 829 3195 -
848 3153 886 3208 80
905 3154 1013 3208 habent
1025 3154 1062 3221 L,
1076 3155 1128 3225 11,
1146 3186 1179 3194 —
1195 3154 1353 3209 convivium
1369 3155 1457 3209 nomi·

224 3241 310 3290 urunt
336 3237 400 3291 odd.
420 3253 467 3306 pp.
492 3240 535 3290 41.
560 3266 592 3274 -
616 3234 784 3289 Accubibum
807 3234 961 3299 masculino
984 3236 1049 3289 adel.
1077 3235 1273 3304 Quiclreralue;
1299 3237 1334 3301 cf.
1358 3236 1458 3289 Isidor.

224 3315 261 3370 br.
281 3317 355 3384 XX,
379 3321 428 3384 11,
450 3321 476 3370 9.
497 3315 568 3369 -a
592 3317 707 3383 solaque
732 3315 810 3386 Verp.
830 3345 863 3355 -
883 3314 902 3368 4
921 3314 1026 3370 Asellio
1050 3315 1240 3385 Aupralirrus5
1265 3317 1365 3384 probel
1384 3331 1459 3369 nunc

223 3395 314 3452 Peleus.
349 3413 433 3466 neque
460 3397 491 3450 id
518 3413 537 3449 a
562 3395 616 3462 fide
643 3396 752 3449 villelm
774 3396 909 3461 alienam,
938 3412 1000 3450 crem
1023 3393 1204 3464 Sempronius
1227 3395 1332 3450 Asellio
1359 3397 1457 3449 citeim

219 3492 255 3546 pp.
275 3483 327 3532 481
345 3494 367 3531 a.
387 3478 404 3531 1.
432 3475 568 3545 gliscitur.
591 3506 625 3514 -
647 3477 689 3529 ita
716 3475 790 3529 aliua
813 3475 958 3529 historicus
984 3476 1063 3529 modo
1086 3473 1219 3541 Hemina,
1247 3476 1326 3530 modo
1349 3474 1458 3529 Cassius

222 3553 328 3612 Hemina
344 3558 435 3612 dictus
448 3557 551 3611 Nonio.
579 3561 675 3610 contra
692 3558 740 3610 vix
758 3557 847 3625 placei
865 3555 938 3609 illud
958 3554 1075 3621 Gellius,
1094 3557 1166 3624 quod
1179 3557 1290 3624 scripsit
1304 3555 1459 3618 Mercerue;

220 3639 264 3706 rel,
287 3639 358 3708 qood
385 3639 417 3690 iu
444 3638 547 3691 maiore
573 3637 692 3691 historic.
722 3638 801 3691 latin.
824 3636 883 3689 rell.
906 3637 1024 3690 odilione
1046 3636 1158 3703 Petrus,
1185 3636 1217 3689 A.
1242 3635 1357 3689 Gellius.
1387 3653 1458 3688 'narn

220 3721 259 3771 elsi
282 3721 351 3773 edis
375 3718 519 3787 probabile
547 3723 584 3771 eet
610 3717 679 3771 duos
705 3718 790 3783 faisse
814 3717 915 3770 Gellios
942 3717 1010 3770 baal
1038 3718 1079 3769 ita
1108 3717 1224 3769 medium
1243 3722 1307 3784 post
1331 3714 1459 3768 Catonem

220 3796 361 3863 bemus,
384 3803 474 3851 lameri
500 3812 584 3864 mque
601 3798 673 3849 Aulo
688 3812 856 3865 promeruere
873 3798 955 3851 ollem
972 3796 1058 3863 frisac
1076 3801 1182 3851 constal
1201 3813 1284 3864 neque
1303 3797 1390 3848 ullum
1408 3813 1458 3849 ruc-

220 3886 329 3934 sorclsr
348 3878 418 3931 alibi
436 3877 632 3946 framentum,
656 3878 728 3945 quod
747 3883 818 3931 certo
831 3877 922 3945 possis
940 3878 1004 3930 bric
1022 3878 1149 3931 tribuere.
1170 3906 1203 3914 -
1222 3877 1279 3928 iam
1297 3892 1358 3928 cum
1376 3892 1410 3927 ne
1428 3877 1459 3927 in

221 3956 261 4011 Gn.
277 3959 385 4028 peridem
399 3956 483 4010 Gellii
502 3958 571 4010 libro
585 3958 688 4025 primo,
707 3963 738 4010 ul
756 3959 805 4026 pai
822 3974 864 4011 res
874 3959 983 4025 priores
997 3958 1063 4012 arbe
1077 3959 1189 4012 corrdite
1204 3957 1360 4020 contineret,
1379 3956 1459 4008 verbo

219 4037 342 4092 cilonio
364 4038 463 4091 adlato
485 4037 631 4091 videantur
653 4038 750 4091 babere
768 4038 891 4105 potuisse
914 4039 1002 4093 locum
1026 4038 1072 4104 (de
1096 4054 1149 4108 pue
1171 4038 1245 4092 elicii
1268 4035 1366 4090 Petrus
1389 4035 1458 4089 Pro-

219 4117 296 4186 lrpnsc
312 4135 361 4189 pp.
382 4115 524 4172 CCXXX
531 4116 614 4171 VIII
627 4120 693 4186 sp),
711 4119 866 4186 Aupaelr'rii
880 4119 1055 4187 potissimam
1066 4117 1287 4193 ‚amplectendam
1306 4132 1397 4170 censeo
1415 4117 1458 4169 irr-

218 4205 327 4267 mass,
354 4199 397 4252 ila
424 4202 528 4264 lamen,
555 4202 586 4251 ul
608 4198 742 4252 incertum
765 4203 887 4266 macecol,
914 4215 953 4252 arr
975 4198 1065 4252 Nonii
1087 4199 1183 4267 eulpa,
1211 4203 1242 4250 ut
1261 4212 1315 4265 pro
1340 4196 1459 4250 Claudio

144 4282 151 4291 '
218 4277 332 4334 Gellium
353 4278 519 4333 substitutus
542 4282 580 4330 est
603 4279 764 4347 compluries
787 4276 912 4344 (laelius,
935 4295 969 4333 ec
992 4280 1129 4333 Asellione
1152 4279 1243 4342 foelus
1264 4278 1300 4331 sil
1319 4275 1458 4344 Agellius,

217 4360 277 4427 ruod
295 4359 400 4415 relioet
418 4374 515 4412 nomen
533 4358 616 4411 rimie
633 4363 768 4426 populien
785 4358 830 4411 illi
848 4364 913 4413 esset
930 4365 1025 4413 nolum
1043 4360 1210 4413 commeatio
1228 4359 1371 4423 furtorum.
1388 4386 1422 4394 —
1440 4356 1458 4410 b

217 4437 238 4494 in
253 4439 374 4496 culmine
394 4439 458 4493 bene
471 4438 510 4493 N.
525 4437 626 4492 Faber.
643 4468 675 4476 -
691 4437 835 4506 agenoris
850 4440 942 4493 Paris.
957 4444 1047 4505 7579;
1060 4438 1181 4494 nominis
1196 4438 1225 4493 0.
1241 4469 1274 4478 -
1291 4437 1305 4491 7
1322 4434 1458 4491 occiditur

144 4512 159 4595 J
216 4537 252 4590 sp.
267 4522 341 4588 Cic.‚·
363 4523 395 4571 al
414 4517 499 4584 Nero,
518 4517 615 4586 Pomp.
638 4517 674 4585 V,
695 4522 766 4585 162;
789 4518 863 4574 Sere.
883 4521 915 4573 irs
933 4519 1007 4574 Dori.
1027 4519 1088 4585 IV,
1107 4523 1169 4574 431.
1189 4549 1223 4558 -
1242 4517 1403 4587 pallaeenas
1422 4517 1454 4582 0,-

154 4606 157 4611 '
216 4603 365 4671 apiaria
378 4600 404 4653 b.
416 4600 434 4655 l,
446 4601 566 4666 afferunt
579 4616 692 4669 prorum.
703 4599 776 4653 Non.
789 4601 960 4668 posteriores,
974 4616 1027 4668 quo
1036 4605 1199 4653 uronelrelur
1209 4600 1321 4653 balneas
1331 4599 1387 4651 diei
1396 4599 1457 4661 sem.

150 4674 154 4679 ’
216 4685 321 4753 mes.
329 4699 373 4753 pr.
384 4681 432 4734 lat.
446 4678 517 4747 VII,
527 4685 590 4735 585.
603 4710 636 4719 —
647 4681 727 4734 Rose.
739 4697 788 4734 om.
800 4681 842 4747 L;
851 4679 970 4734 troseiue
980 4679 1032 4748 Hl.
1044 4709 1076 4717 -
1088 4678 1105 4732 8
1116 4677 1232 4732 Planius
1242 4696 1276 4731 m.
1286 4685 1302 4732 1
1313 4679 1382 4733 ccl2
1393 4679 1457 4732 odd.

144 4749 162 4776 “’
216 4761 309 4818 hb
323 4761 375 4817 ille
390 4760 420 4814 in
435 4760 461 4814 b.
476 4760 581 4814 iturust
590 4758 690 4829 (iturus
701 4762 743 4813 est
752 4761 793 4814 vel
803 4779 831 4814 es
841 4761 911 4826 cdd.)
923 4760 965 4813 Pl.
972 4781 983 4826 ‚·
991 4759 1065 4814 unde
1076 4758 1106 4812 in
1115 4757 1231 4812 balneas
1242 4759 1396 4827 (balleneas
1406 4758 1457 4826 L);
