3164 5326
361 317 410 371 Du
429 313 599 371 Honesta
618 313 685 371 SET
703 315 803 371 Nova
821 315 946 371 DICTIS.
973 316 1007 371 Il.
1243 315 1309 381 185

1223 410 1261 449 rso
1275 407 1308 448 ss,

54 482 217 567 dolebam,
242 481 372 566 iudices,
394 484 428 544 et
451 481 566 546 acerbe
589 480 743 564 ferebam,
766 481 794 545 si
817 480 912 545 huius
937 479 1025 545 salus
1048 481 1090 545 ob
1114 502 1184 545 eam
1203 481 1308 566 ipsam

54 611 186 655 causam
216 592 304 654 esset
329 587 493 670 infestior,
523 586 607 672 quod
635 587 663 653 is
691 609 796 653 meam
824 587 964 652 salutem
993 591 1090 672 atque
1120 588 1221 653 vitam
1250 610 1309 652 sua

10 708 36 756 lb
54 696 289 779 benivolentia,
310 694 474 780 praesidio
498 694 708 780 custodiaque
731 695 874 759 texisset.

151 821 326 885 manavir,
367 801 453 886 quod
494 800 657 866 nesciatur
699 804 756 864 aut
796 801 839 865 sit
878 801 1091 886 incognitum.
1145 800 1309 888 Vergilius

57 911 223 978 Aeneidos
247 911 297 976 lib.
319 909 370 976 X:

378 1032 509 1102 ignarum
527 1030 651 1086 Laurens
670 1029 758 1105 habet
775 1044 824 1084 ora
841 1027 984 1085 Mimanta.

149 1143 325 1210 Sallustius
352 1142 524 1228 Iugurtino
553 1140 651 1205 hello:
681 1162 789 1205 amore
819 1140 979 1205 humanae
1007 1139 1166 1225 cupidinis
1195 1141 1311 1225 ignara

10 1261 37 1310 2⁰
56 1250 216 1317 visandei.

148 1375 396 1423 massulas
421 1380 440 1421 a
464 1355 599 1421 latebris
621 1355 849 1421 honestissime
873 1355 1004 1421 dictum.
1049 1351 1178 1420 Caelius
1201 1353 1309 1419 Anna·

54 1465 140 1530 lium
173 1464 230 1530 lib.
262 1465 291 1530 l:
330 1487 420 1530 arma
458 1463 605 1549 plerique
638 1462 784 1527 abiciunt
816 1467 911 1547 atque
946 1462 1079 1525 inermis
1111 1461 1312 1527 inlatebrant

54 1595 94 1638 se
119 1552 357 1655 [inlatebrant]

149 1696 342 1745 numerals
363 1700 498 1744 numero
524 1677 688 1763 singulari.
734 1673 873 1742 Ennius:

10 1814 36 1863 lt
220 1800 651 1871 oo-oo-eoegolngcnio

221 1881 305 1937 natus
323 1898 384 1936 sum
402 1907 607 1936 υυυυυυυ

220 1989 239 2016 υ
253 1962 407 2017 amicitiam
426 1964 510 2032 atque
527 1960 706 2016 inimicitiam
724 1961 753 2016 in

222 2042 326 2098 frontes
343 2045 483 2113 promtam
501 2058 568 2113 gero
587 2087 604 2096 -
616 2068 636 2095 υ

150 2188 293 2255 1quer
316 2171 402 2256 qnod
425 2175 475 2235 est
496 2170 665 2256 inpudens.
712 2169 857 2235 Lucilius
880 2168 935 2235 lib.
958 2169 1003 2234 II:

380 2293 465 2348 homo
483 2292 631 2364 inpuratus
650 2295 681 2347 et
697 2292 804 2363 inpono
823 2293 921 2362 estque
939 2291 1065 2362 rapister.

153 2540 186 2590 lt
204 2533 243 2604 X,
267 2536 351 2606 7061
374 2540 407 2590 19
431 2533 542 2590 Sallust
567 2534 703 2606 (iugurth.
727 2539 775 2602 93,
798 2539 828 2600 ὃς
856 2533 905 2588 sed
929 2532 1311 2605 cf.comm)l210aelius

57 2613 161 2670 Annal.
181 2615 206 2681 l;
226 2613 261 2670 cs.
281 2631 378 2670 comm.
393 2617 452 2686 124
470 2612 576 2670 Ennius
595 2612 798 2685 (Achille)129
818 2614 884 2669 Luc.
903 2612 922 2671 l
941 2614 974 2668 11.

58 2763 275 2774 --

152 2863 334 2920 recolerem
358 2862 412 2934 11¹5
435 2862 580 2918 dolabrum
599 2863 652 2934 Η,.
673 2895 706 2903 -
726 2861 763 2918 14
785 2861 830 2917 his
853 2862 894 2930 L,
913 2864 963 2935 H„
983 2897 1017 2905 -
1037 2883 1107 2934 sque
1123 2867 1205 2936 prius
1223 2866 1257 2920 L.
1277 2898 1311 2907 —

61 2946 98 3000 15
118 2942 310 2999 benivolentia
329 2942 359 3011 0,
378 2944 437 2998 cdd.
460 2943 526 2999 Gell.
543 2976 575 2984 —
594 2943 694 2999 texisse
714 2945 749 3011 L,
768 2944 909 2998 H.-1s
928 2948 961 3012 cf.
983 2946 1050 3000 Geli.
1072 2948 1091 3000 Ι
1094 2948 1132 3015 X,
1150 2950 1197 3013 12,
1215 2951 1262 3002 20.
1277 2979 1310 2987 —

60 3077 203 3133 nesciatur
221 3082 271 3132 aut
285 3078 354 3148 Ro„
370 3077 436 3147 Hs„
453 3081 502 3148 qui
516 3080 583 3132 dicit
597 3079 662 3132 hoec
676 3079 782 3132 tradito
796 3029 967 3144 seruitiis,
987 3081 1000 3132 t
1017 3097 1104 3148 supro
1121 3097 1172 3135 scr.
1192 3082 1223 3134 is
1242 3098 1312 3149 τω,-

60 3157 172 3214 nesciat
196 3159 228 3211 ut
245 3157 305 3227 ΗΠ·
329 3157 438 3211 nesciat
459 3175 525 3211 cura
548 3163 579 3212 ut
602 3159 677 3227 Hc„
701 3159 810 3212 nesciat
832 3177 881 3213 cur
904 3165 953 3214 aut
976 3160 1015 3226 L,
1041 3162 1067 3215 G
1085 3161 1122 3229 (L
1140 3164 1172 3214 at
1194 3164 1224 3214 in
1243 3178 1314 3229 ναις

62 3244 125 3294 itm
150 3256 183 3292 eo:
203 3244 283 3306 porte
305 3239 376 3307 ura).
400 3269 432 3277 -
458 3238 493 3292 17
518 3239 587 3292 Aen.
614 3238 654 3303 G‚·
677 3238 816 3292 Aeneidos
840 3240 878 3307 L,
903 3241 947 3307 H;
970 3257 1020 3294 om.
1047 3240 1113 3295 Gell.
1135 3272 1167 3280 —
1194 3241 1231 3296 la
1254 3241 1312 3310 lug.

62 3320 128 3373 bell.
156 3319 266 3373 addidit
288 3318 341 3386 N.;
364 3320 398 3384 cs.
423 3320 486 3387 Iup.
512 3324 562 3386 93,
586 3325 619 3383 3,·
643 3319 779 3373 Historiis
796 3321 896 3373 rectius
915 3322 1032 3374 tribuere
1051 3323 1130 3375 docti.
1152 3321 1232 3375 -in
1254 3323 1311 3390 lug.

62 3401 102 3453 ed.
122 3399 192 3452 Bos.
213 3430 245 3438 --
265 3397 424 3468 Iurgurtino
443 3401 527 3468 prius
549 3400 590 3467 L;
615 3398 778 3469 Iugurthino
800 3401 856 3454 rell.
876 3431 910 3440 -
931 3419 1006 3455 mors
1025 3407 1093 3456 recte
1112 3403 1171 3457 cdd.
1192 3402 1259 3456 Gall.
1280 3433 1313 3442 -

63 3480 102 3533 20
114 3478 284 3546 visendaL;
296 3478 404 3533 visendi
416 3481 453 3544 11,
466 3481 499 3534 G.
510 3511 544 3520 -
559 3480 595 3535 21
612 3483 646 3546 cf.
664 3480 732 3534 Geli.
750 3480 856 3548 XVII,
871 3487 901 3548 2,
917 3487 940 3536 3.
953 3512 985 3521 -
1002 3482 1112 3536 Coelius
1127 3482 1167 3548 6,·
1182 3482 1313 3536 Claudius

66 3561 134 3614 Gell.
154 3591 184 3598 —
204 3559 352 3614 Annalium
375 3561 423 3627 M,·
442 3561 597 3614 Annalibus
616 3578 639 3614 v.
661 3592 692 3600 -
713 3561 750 3614 22
770 3564 800 3614 at
814 3578 868 3629 pro
887 3565 973 3630 atque
992 3563 1032 3630 L,
1056 3563 1107 3632 HI.
1129 3594 1161 3601 -
1181 3561 1313 3615 inhermis

68 3642 99 3709 l,
118 3641 179 3711 H„
199 3641 230 3695 (ι’.
253 3671 281 3679 -
303 3639 424 3695 inermes
443 3642 501 3711 ΗΝ·
526 3642 625 3696 inermi
647 3641 787 3710 (inhermi)
806 3643 903 3695 melius
921 3644 980 3696 cdd.
1001 3643 1067 3696 Geli.
1090 3674 1121 3682 —
1141 3642 1170 3695 in
1190 3642 1313 3695 latebras

68 3740 95 3774 se
117 3720 291 3775 inlatebrant
313 3720 367 3787 N.;
390 3723 468 3775 caius
491 3723 587 3791 inperia
609 3722 653 3777 hic
676 3729 779 3790 stupor.
800 3740 864 3775 riom
883 3740 927 3790 op.
950 3724 1018 3777 Geli.
1038 3725 1103 3776 hoec
1121 3729 1199 3776 sorti:
1224 3722 1314 3775 ‘arma

68 3801 192 3869 plerique
216 3800 340 3854 abiciunt
363 3802 447 3869 atque
470 3801 569 3857 inermi
590 3802 764 3856 inlatebrant
782 3803 863 3858 sese?
902 3803 1074 3857 inlatebrant
1093 3803 1234 3871 poeticum
1254 3819 1314 3854 ver·

69 3882 131 3934 bum
163 3884 248 3934 risum
277 3882 333 3946 est,
361 3882 409 3934 sed
437 3900 492 3937 non
521 3884 669 3937 absurdum
692 3898 784 3950 neque
807 3899 943 3951 asperum.
969 3914 992 3920 -
1017 3882 1055 3935 24
1078 3884 1112 3949 cf.
1137 3883 1204 3935 Geli.
1225 3883 1313 3949 XIX,

70 3966 96 4021 S,
113 3966 139 4015 δ.
163 3990 192 4000 -
213 3961 328 4021 Ennium
352 3961 457 4016 Achilli
480 3964 577 4017 tribuit
595 3963 760 4017 Ribbeckius
783 3963 842 4016 coll.
861 3963 898 4017 Il.
919 3964 979 4028 IX,
999 3967 1054 4017 312
1067 3980 1120 4031 sq.;
1144 3969 1167 4015 et
1185 3966 1248 4030 sort.
1268 3981 1313 4031 op.

70 4040 188 4095 Gellium
215 4042 366 4111 rependum.-
394 4042 423 4096 in
452 4043 562 4097 Achille
590 4045 660 4112 (cdd.
690 4043 719 4096 in
746 4043 807 4113 illo)
836 4043 1068 4098 memoratissimo
1097 4042 1168 4097 libro
1195 4045 1257 4098 dici
1284 4046 1315 4096 in

71 4122 186 4176 editione
198 4121 296 4191 Ennii,
312 4124 370 4176 nisi
387 4125 475 4194 moqis
494 4126 597 4178 arridet
612 4126 683 4193 quod
700 4125 817 4177 (lisclius
831 4125 949 4177 invenit:
968 4122 996 4176 in
1015 4121 1065 4176 illo
1080 4122 1314 4178 memoratissimo

72 4200 137 4255 loeo.
155 4231 189 4240 -
202 4200 248 4256 25.
264 4201 312 4257 22.
328 4202 376 4256 st.
391 4203 428 4256 28
447 4205 487 4256 ito
509 4205 550 4258 M.
567 4236 598 4243 -
615 4221 661 4269 eo;
682 4220 735 4272 ego
756 4203 807 4272 H..
823 4234 857 4243 -
873 4219 925 4273 ego
944 4221 994 4258 om.
1014 4204 1074 4258 cdd.
1094 4203 1161 4257 Geli.
1168 4226 1178 4270 ;
1197 4206 1260 4257 add.
1280 4222 1313 4262 m.

72 4282 132 4335 21.
150 4281 321 4336 -amicitia
340 4284 422 4337 modo
441 4282 616 4339 inimicitiam
633 4286 666 4339 L.
685 4316 715 4324 -
732 4285 834 4338 frontci
848 4285 885 4337 M
888 4306 897 4349 ;
916 4286 1035 4338 frontem
1052 4285 1081 4349 0,
1096 4284 1210 4351 Bomb.;
1231 4285 1315 4338 Gellii

74 4359 114 4423 X,·
141 4362 232 4417 ironte
256 4363 433 4432 Montpcss.;
461 4366 520 4419 cdd.
547 4366 613 4420 Gell.
634 4384 678 4434 pr.
707 4367 744 4419 X.
766 4398 797 4405 -
816 4372 949 4436 proptam
974 4367 1019 4432 H;
1042 4370 1200 4434 promptum
1227 4367 1259 4419 G.
1281 4396 1312 4403 -

74 4447 140 4498 totas
162 4444 236 4496 locus
259 4446 299 4497 ito
316 4446 372 4509 fere
390 4446 575 4516 ressnqendos:
598 4462 631 4500 eo
651 4464 702 4514 ego
723 4446 835 4516 ingenio
856 4450 860 4514 1
881 4450 964 4500 natus
985 4464 1053 4500 sum.
1076 4446 1139 4500 odio
1159 4445 1230 4499 mihi
1250 4449 1315 4499 sunt

76 4522 141 4588 cui,
157 4525 163 4592 1
180 4523 226 4591 qui
245 4522 398 4578 amicitiam
417 4530 501 4593 atque
516 4525 691 4582 inimicitiam
708 4526 736 4580 in
754 4531 758 4592 Ι
775 4526 877 4582 frontei
891 4528 1050 4597 promptam
1065 4544 1132 4595 gero
1147 4543 1264 4595 semper.
1281 4556 1314 4564 -

80 4605 147 4658 serbo
165 4606 238 4657 enim
253 4603 343 4658 Ennii
361 4623 379 4658 o
397 4605 484 4659 Gellio
503 4608 702 4662 adolescentulo
720 4611 871 4663 rirernoriter
889 4615 999 4676 accepto
1018 4613 1042 4661 et
1061 4610 1102 4661 ita
1121 4609 1214 4660 moltis
1232 4607 1315 4658 onnia

84 4691 126 4736 ua
152 4684 252 4736 litteris
279 4685 410 4738 mandato
433 4686 450 4738 l.
473 4703 557 4754 supro
581 4689 673 4740 adlato
696 4689 798 4741 rnorroi.
823 4719 855 4726 -
880 4687 917 4740 22
941 4686 1059 4755 lupono,
1089 4687 1192 4756 inpune
1219 4688 1254 4754 pl.
1281 4716 1313 4725 -

88 4759 203 4827 'ocilins3
222 4765 258 4829 cs.
277 4768 332 4819 167
350 4763 530 4834 rapinatores.
552 4797 583 4805 -
604 4767 641 4820 30
660 4771 758 4835 estque
780 4768 816 4820 M
821 4788 830 4832 ;
849 4770 893 4820 est
912 4767 940 4820 0.
