3098 5316
265 312 311 377 60
705 313 842 368 Noruvs
862 311 1081 368 MARCELLVS

265 408 301 445 ὥ.
313 407 340 445 u
355 404 386 444 Ι.

356 495 556 542 νΛννεκτΑε
585 477 672 541 dicta
701 480 751 541 est
773 500 793 541 a
816 478 951 560 pecunia
973 499 1082 561 parva.
1123 475 1229 542 Varro
1252 477 1293 541 de
1316 478 1386 541 vita
1408 475 1522 561 populi

266 584 404 651 Romani
425 584 479 648 lib.
500 584 527 648 l:
548 585 744 667 pecuniaque
762 587 832 648 erat
852 607 965 669 parva:
988 584 1030 649 ab
1049 606 1087 649 eo
1107 587 1282 669 paupertas
1300 582 1395 648 dicta
1430 581 1520 648 cuius

267 692 496 776 [paupertatis]
521 712 674 773 magnum
698 686 715 778 ΙΙ
739 691 961 756 testimonium
985 695 1042 756 est.
1536 704 1547 751 1

355 815 518 863 Pennana
542 796 646 860 Varro
675 796 841 862 existimet
868 820 907 861 ea
934 819 1033 862 causa
1060 798 1137 880 dici,
1163 798 1248 882 quad
1271 798 1328 883 qni
1351 820 1415 883 ope
1437 795 1519 861 indi-

265 912 380 989 gerent
398 913 432 970 et
450 904 489 968 ad
510 905 637 989 asylum
654 903 780 969 Cereris
799 904 1022 989 confugissent
1038 904 1133 986 panis
1148 906 1176 969 iu
1189 904 1322 970 deretur
1336 902 1518 988 [pandere

265 1033 343 1096 ergo
371 1013 463 1097 quasi
487 1032 601 1095 panem
625 1010 715 1091 dare]
740 1010 778 1074 de
803 1010 870 1074 vita
893 1011 1003 1094 populi
1028 1010 1168 1075 ltomani
1191 1010 1245 1075 lib.
1266 1010 1294 1075 l:
1322 1010 1408 1076 hanc
1424 1010 1516 1076 deam

266 1118 377 1183 Aelius
406 1125 501 1203 putat
528 1140 598 1183 esse
622 1105 785 1202 Cererem3
813 1116 868 1182 sed
896 1116 981 1201 quod
1009 1117 1042 1180 in
1066 1117 1193 1201 asylum
1216 1117 1272 1201 qui
1295 1117 1547 1202 confugissenta

265 1225 358 1309 panis
382 1228 409 1291 ia·
431 1225 574 1308 daretur,
597 1246 666 1290 esse
690 1247 806 1290 nomeu
832 1224 942 1289 fictum
968 1247 987 1287 a
1010 1247 1094 1309 pene
1117 1224 1236 1308 dand03
1263 1230 1296 1288 et
1317 1224 1404 1310 quod
1426 1246 1515 1290 num·

265 1354 361 1416 quam
383 1334 492 1396 fenum
517 1331 638 1397 talibus
657 1332 867 1413 clauderetur,
889 1332 1004 1396 dictum
1022 1330 1189 1415 pandere
1209 1332 1294 1417 quod
1313 1336 1364 1395 est
1384 1332 1513 1416 aperire.

354 1456 476 1503 lanaria
499 1442 533 1502 ct
556 1455 751 1522 Barasasa,
780 1438 938 1523 confingis
966 1443 1022 1503 aut
1038 1437 1214 1503 incondite
1242 1445 1275 1502 et
1302 1438 1444 1503 inaniter
1470 1439 1511 1505 lo

267 1545 375 1628 queris
400 1570 415 1605 s
436 1570 450 1605 s
472 1568 488 1605 a
513 1550 569 1610 aut
592 1570 611 1611 a
635 1546 755 1610 balatu.
802 1544 937 1608 Plautus
961 1545 995 1608 in
1020 1544 1271 1630 Amphitryone:

423 1671 483 1737 qui,
504 1669 623 1735 malum,
643 1665 806 1736 iutelldgcrc
825 1667 970 1736 quisquam
991 1666 1066 1736 potis
1085 1673 1146 1721 cst?
1165 1665 1207 1721 ita
1226 1670 1333 1739 nangiis
1351 1667 1446 1724 blatis.
1519 1706 1547 1757 l·

354 1777 435 1841 idern
460 1778 492 1841 in
517 1778 696 1842 Aulularia:

424 1900 472 1954 ribi
489 1904 549 1955 tute
569 1918 612 1965 cs,
632 1916 703 1968 quac
722 1898 905 1953 deblaterasti
924 1899 981 1952 iam
1002 1897 1102 1953 vicinis
1121 1899 1268 1954 omnibus?

354 2027 584 2093 ruricolarum,
606 2009 778 2093 diligenter
801 2008 971 2093 inquirere.
1017 2007 1152 2074 Plautus
1176 2010 1428 2095 Amphitryone:

422 2135 470 2201 qui
488 2131 560 2185 istuc
579 2131 608 2184 in
628 2132 749 2185 mentcst·
767 2131 832 2195 tibi,
853 2149 886 2185 cx
906 2150 963 2196 me,
983 2134 1019 2183 mi
1038 2131 1093 2199 vir,
1112 2104 1318 2201 percontarier?

354 2247 386 2307 et
412 2247 462 2306 est
484 2241 666 2326 proprietas
692 2240 780 2304 verbi
805 2239 843 2303 ab
869 2262 906 2304 co
930 2244 1036 2303 tracta
1059 2240 1143 2324 quod
1168 2241 1250 2306 vada
1273 2242 1306 2306 in
1329 2242 1505 2310 fluminibus
1532 2266 1547 2315 r

265 2349 368 2414 contis
393 2348 573 2433 exquirunt.

353 2472 520 2520 r’sornorn
549 2454 635 2519 dictu
663 2458 739 2519 sunt
767 2475 863 2537 yiorro
887 2452 1054 2538 adigenda.
1100 2453 1235 2520 Plautus
1260 2455 1505 2540 Amphitryone:

423 2574 485 2640 edd,
505 2574 617 2641 mulier,
636 2578 784 2645 postquam
803 2576 966 2644 experrecta
985 2592 1027 2641 es,
1046 2577 1074 2629 te
1093 2576 1244 2646 prodigiali
1263 2577 1322 2632 lovi

423 2658 471 2709 aut
491 2653 567 2708 mola
585 2654 660 2709 salsa
679 2655 761 2710 bodio
780 2656 830 2710 ant
848 2658 909 2709 turo
928 2657 1124 2724 conprecatam
1143 2655 1275 2727 oportuit

352 2832 386 2880 '28
406 2824 494 2879 Varro
513 2823 548 2877 do
563 2824 700 2894 vitapop.
716 2825 793 2878 ltom.
809 2825 819 2876 l
835 2827 874 2895 114
890 2824 978 2879 Varro
993 2826 1026 2879 de
1041 2824 1101 2880 vita
1114 2845 1178 2896 pop.
1193 2824 1272 2879 Rom.
1288 2825 1298 2878 l
1313 2829 1352 2896 l9
1368 2825 1400 2895 ΙΙ,
1417 2833 1438 2895 1,
1453 2835 1483 2883 la
1496 2838 1508 2903 Η

267 2911 296 2958 ιι
320 2905 352 2972 11,
372 2911 396 2973 a,
418 2907 502 2974 ipra
523 2903 555 2972 11,
575 2912 600 2971 a,
620 2906 677 2973 ray
693 2910 724 2959 17
744 2904 778 2971 11,
797 2911 822 2972 a,
843 2911 902 2959 ror.

353 3065 391 3118 aa
413 3063 533 3135 pecunia
557 3080 627 3132 quae
650 3065 725 3130 utiq
749 3063 923 3134 procuniaque
944 3067 1007 3130 Me,·
1029 3069 1049 3132 s.
1069 3066 1189 3135 pecnnia
1210 3065 1285 3135 quia.
1306 3099 1338 3107 —
1360 3068 1375 3123 l
1395 3086 1498 3141 pauper.

264 3143 332 3200 tastis
354 3147 413 3200 acet.
437 3145 477 3200 Μ,
500 3176 528 3183 -
556 3143 735 3199 cstimonium
755 3145 808 3216 ΙΨ·
832 3150 894 3214 post
919 3144 984 3199 tosti
1003 3164 1057 3200 rica.
1077 3165 1104 3199 rn
1124 3147 1229 3200 litterae
1247 3153 1277 3200 at
1296 3148 1350 3201 uid.
1370 3148 1402 3202 in
1418 3148 1454 3204 H.
1472 3184 1495 3195 -

263 3227 395 3280 sententia
418 3227 450 3279 in
472 3228 525 3290 linc
543 3225 631 3291 Nora,
653 3225 710 3277 nisi
731 3226 829 3291 fallor,
852 3226 935 3293 culpo
952 3244 1057 3280 stranea.
1079 3257 1110 3264 --
1131 3226 1148 3278 2
1167 3226 1241 3293 quod
1261 3244 1311 3281 mn.
1331 3227 1419 3297 Lapd.
1442 3235 1495 3290 -8

264 3304 364 3358 asilum
385 3305 439 3374 11„
458 3305 547 3373 Lupd
569 3335 599 3343 ·-
622 3303 702 3373 panis
722 3303 745 3356 is
766 3304 811 3370 M,
830 3304 911 3373 pirrus
929 3324 952 3360 a.
977 3337 1005 3344 —
1027 3305 1056 3360 3.
1076 3305 1094 3359 4
1112 3307 1233 3375 pandere
1254 3337 1286 3345 —
1306 3309 1373 3361 dare
1391 3310 1447 3363 secl.
1463 3312 1494 3371 Μ,

266 3417 285 3423 --
317 3382 377 3438 Li)
398 3383 423 3438 h.
443 3385 482 3449 d.;
503 3387 519 3438 i.
539 3402 559 3439 e.
576 3383 707 3438 l'urnlaru.
729 3386 862 3438 -deum
883 3385 978 3439 Aelius
1003 3387 1100 3442 Ortrrio
1118 3388 1183 3442 Ant.
1204 3390 1259 3442 lect.
1279 3389 1337 3455 1,a
1355 3407 1389 3443 ca
1406 3391 1494 3448 cula

263 3466 391 3530 scarionem
410 3465 492 3519 dauni
512 3464 611 3518 melius
632 3464 660 3518 0.
681 3495 713 3503 -
732 3465 760 3518 ι’).
775 3468 803 3518 a.
821 3466 834 3519 7
855 3465 1048 3534 confugissent
1066 3468 1165 3533 Alifae,
1183 3466 1358 3536 confugisset
1378 3469 1495 3539 Glooufu

261 3547 342 3614 yrriua
356 3545 420 3605 L).-
470 3545 493 3597 is
512 3546 574 3599 add.
592 3546 635 3599 M.
653 3577 682 3583 ·-
704 3546 808 3599 lautum
829 3546 941 3615 l'opma.
962 3578 993 3587 -
1014 3551 1043 3601 ct
1062 3579 1095 3586 -
1114 3547 1298 3615 clauderetur,
1316 3567 1386 3617 quac
1403 3551 1433 3602 in
1448 3554 1495 3611 cdd,

263 3626 311 3692 lep.
331 3642 355 3680 u.
372 3630 389 3679 4
406 3632 467 3694 post
485 3643 585 3693 planem
605 3625 671 3678 dicre
689 3627 742 3680 liae
760 3628 867 3681 traiecit
881 3627 922 3680 M.
939 3658 967 3665 --
991 3627 1095 3682 tabulis
1110 3646 1164 3697 pro
1182 3628 1288 3682 hililnrs
1304 3630 1336 3683 L.
1355 3659 1385 3668 -
1405 3629 1498 3689 dictum

264 3706 327 3758 aaa
350 3706 391 3759 M.
412 3736 443 3745 -
465 3705 539 3773 quod
562 3707 605 3759 cst
626 3705 667 3772 ll,
686 3706 725 3773 (1';
748 3707 800 3760 hoc
819 3707 863 3759 est
880 3707 913 3760 L.
934 3737 966 3746 -
987 3710 1005 3759 8
1023 3710 1057 3773 cs.
1078 3725 1124 3776 pp.
1146 3713 1182 3763 76
1196 3710 1212 3762 l.
1231 3707 1381 3763 blatterare.
1400 3740 1433 3750 -
1445 3717 1502 3780 pau

264 3783 385 3853 loqueris
409 3787 541 3840 dimidias
563 3802 655 3839 uasta
678 3792 756 3840 acciit
778 3788 809 3840 in
828 3788 867 3853 (1';
890 3789 971 3840 etiam
994 3788 1025 3840 in
1052 3788 1116 3841 lun.
1146 3789 1215 3843 libro
1240 3805 1376 3844 manuscr.
1395 3790 1502 3855 desem

264 3866 405 3919 indictum.
423 3896 452 3904 -·
470 3867 535 3920 benc
547 3883 645 3935 praeca
663 3869 735 3921 (fasse
752 3868 850 3921 statuit
865 3868 941 3933 lan,
959 3873 990 3921 at
1004 3873 1076 3936 puta
1093 3869 1171 3921 llaec:
1186 3870 1235 3921 aut
1249 3863 1307 3921 ἀπὸ
1322 3873 1373 3921 τοῦ
1387 3864 1503 3940 βιάζειη

264 3945 298 4009 cf.
314 3944 387 3999 Fut.
403 3950 446 3999 al.
468 3977 498 3984 -
519 3946 538 3997 ll
557 3948 589 3998 ut
607 3948 642 4014 L,
661 3947 714 4016 ll„
732 3948 822 4017 lntpd.
843 3978 875 3987 -
894 3947 1007 4002 ablator
1025 3947 1066 4011 L,·
1085 3947 1181 4001 ablata
1197 3947 1247 4016 IL.
1266 3977 1296 3987 -
1316 3947 1503 4017 Amphitrians

266 4024 299 4090 L,
317 4025 361 4091 ll,
380 4027 551 4094 Amlitryonc
573 4028 605 4080 (ι’.
627 4058 658 4066 -
679 4026 716 4081 10
734 4044 841 4093 maugus
863 4030 897 4081 Μ
901 4051 911 4095 ,·
928 4027 1047 4093 nangius
1067 4028 1123 4096 ll„
1141 4026 1223 4093 nitgis
1241 4028 1277 4094 L,
1295 4045 1385 4096 nugas
1404 4029 1503 4101 11„(1'.

265 4135 296 4143 -
323 4105 354 4158 ll
381 4104 457 4160 idam
479 4125 529 4160 om.
550 4108 590 4173 L,
611 4109 651 4174 (1';
676 4109 725 4161 del.
745 4108 796 4176 Hs·
818 4138 850 4147 —
877 4109 911 4162 is
934 4111 993 4162 tute
1017 4124 1046 4160 os
1072 4108 1118 4175 Μ,
1141 4111 1172 4161 tu
1196 4126 1226 4162 cs
1248 4110 1307 4162 cdd.
1327 4108 1401 4163 Non.
1423 4110 1500 4166 art

265 4187 320 4254 (ap.
337 4186 381 4240 l'l.
400 4187 499 4256 lapitas
516 4190 608 4241 sainna
627 4189 691 4242 heae
709 4187 757 4240 uhi
777 4190 807 4240 tu
826 4205 856 4240 cs
875 4205 947 4256 quim
966 4186 1177 4242 deblateravisti
1197 4205 1230 4241 ca
1248 4189 1319 4242 libro
1333 4191 1499 4257 interpona-

264 4282 328 4319 nam
346 4267 377 4319 in
395 4267 509 4321 stimans
527 4274 564 4321 cat
583 4266 799 4335 deblatlavisti).
816 4299 847 4306 -
867 4269 901 4322 ltl
918 4267 1091 4322 Percontrari
1108 4271 1189 4337 petar
1203 4269 1248 4332 H;
1266 4267 1342 4322 Peru.
1357 4270 1390 4323 in
1404 4267 1438 4340 L,
1452 4286 1499 4325 noa

264 4345 395 4399 lesamulin
417 4349 494 4401 modo
517 4348 684 4402 ‹itatiuctuca
703 4379 738 4387 —
757 4351 871 4416 Amph.;
895 4351 985 4403 eadem
1004 4351 1319 4419 camerescensem.
1340 4380 1373 4388 -
1394 4347 1430 4403 14
1446 4366 1498 4418 per·

263 4423 417 4478 ‹contrarior
440 4428 522 4494 prins
541 4427 579 4481 ΙΙ.
600 4458 631 4466 -
659 4427 692 4481 17
717 4431 751 4495 cs.
771 4434 829 4483 429
847 4430 972 4482 monstra
991 4432 1020 4483 ot
1037 4432 1159 4493 ostentam
1183 4434 1236 4483 435
1255 4431 1381 4482 monstra
1398 4429 1429 4482 et
1445 4446 1498 4499 pro

264 4502 348 4571 digia.
370 4536 401 4545 -
421 4505 612 4572 adiudigcndu
629 4509 677 4579 11,
698 4540 730 4549 —
751 4507 953 4577 Amphytriono
969 4509 1004 4575 L,
1022 4507 1215 4577 Amphitrione
1231 4509 1270 4575 H,
1289 4509 1462 4576 Amlitryono
1474 4508 1500 4567 (i.

267 4616 297 4624 -
318 4586 353 4639 ls
372 4604 409 4653 ss,
428 4588 457 4640 tc
478 4588 535 4655 Me,
553 4590 597 4641 cst
615 4606 630 4641 o
650 4593 676 4657 (e
695 4592 758 4645 eald.
779 4590 833 4660 lh)
853 4592 888 4651 (ζ’
906 4606 956 4643 orit.
976 4594 1004 4642 te
1024 4590 1088 4643 libri
1107 4589 1151 4642 Pl.
1171 4619 1203 4628 -
1225 4589 1260 4642 ltl
1280 4588 1369 4642 malas
1389 4588 1500 4664 alsitll¹

263 4666 364 4731 (molas
387 4667 448 4722 alsa
466 4669 510 4734 L).
530 4700 564 4709 -
584 4672 698 4725 auct-ure
718 4671 768 4739 11,
791 4702 822 4709 —
842 4672 1056 4738 conpraecatam
1075 4669 1127 4739 L„
1151 4685 1253 4738 compr.
1273 4670 1311 4724 id.
1331 4672 1368 4734 2;
1386 4685 1504 4741 compre

264 4751 355 4801 catam
374 4749 431 4820 ll„
451 4750 492 4819 (ι’,-
510 4752 717 4818 comprecatam
737 4750 788 4822 11,
809 4782 842 4791 —
861 4749 1006 4821 opportuit
1024 4749 1075 4820 Η,
