3164 5326
550 340 598 396 DE
618 341 823 398 DOCTORVM
840 341 1029 398 INDAGINB.
1057 341 1118 398 XII.
1391 342 1454 406 183

1308 435 1354 475 aso.
1368 435 1408 475 sar
1422 434 1453 474 u.

296 528 407 572 rerum
435 505 665 571 sensibilitatis
690 506 759 571 eius
782 528 867 571 nune
891 506 971 571 lovis
995 505 1080 570 ratio
1104 510 1167 589 est,
1196 507 1272 592 quia
1296 508 1325 572 si
1348 507 1453 591 prisea

206 614 371 679 sententia
392 612 619 699 philosophica
642 613 760 699 ancipit
782 613 994 699 intellectum,
1016 636 1097 699 quae
1122 614 1182 678 ait:

144 740 180 790 25
362 735 405 790 sui
424 737 524 804 cuique
543 751 634 790 mores
652 735 766 804 fingunt
782 736 925 802 fortunam
942 736 1106 804 Mntnitne,

199 864 406 948 omnipotens
437 863 570 929 fortuna
601 884 671 928 esse
704 863 837 947 desinit3
872 863 957 948 quod
986 861 1159 929 Sallustius
1191 865 1285 928 mire:
1319 862 1451 927 fortuna

199 971 299 1036 simul
327 992 399 1036 cum
427 970 571 1036 moribus
599 971 787 1036 inmutetur.
816 1007 852 1017 -
879 992 917 1036 aa
944 993 1002 1055 per
1029 971 1091 1037 hoo
1116 993 1153 1034 ex
1177 992 1216 1035 ea
1239 970 1450 1035 similitudine

198 1081 266 1144 iam
294 1079 399 1144 fatum
421 1079 627 1144 ineluctabile
651 1100 720 1145 esse
743 1100 809 1143 non
831 1078 966 1162 poterit,
990 1077 1088 1163 quod,
1111 1098 1181 1142 eram
1203 1099 1243 1142 ex
1265 1101 1330 1142 uua
1354 1099 1450 1142 cansa

199 1187 332 1252 fortuna
369 1186 448 1250 ferri
484 1186 631 1251 videatur
669 1189 702 1250 et
737 1203 868 1268 mauvis,
904 1190 1013 1270 potest
1050 1184 1149 1249 etiam
1185 1183 1290 1249 fatum
1323 1206 1448 1249 morum

144 1312 179 1361 eo
199 1293 419 1358 mutabilitate
447 1294 604 1377 converti,
632 1296 668 1358 ut
691 1315 730 1357 ex
753 1293 804 1357 his
828 1295 885 1357 aut
908 1292 993 1357 celer
1016 1296 1073 1356 aut
1096 1292 1224 1356 tardum
1248 1296 1306 1356 aut
1329 1291 1449 1356 bonum

197 1400 257 1465 fiat
276 1404 331 1466 aut
345 1401 530 1484 pessimum.
558 1421 693 1465 accensa
707 1399 793 1464 enim
807 1398 916 1463 furore
930 1397 1015 1463 Dido
1030 1398 1151 1463 amoris
1166 1383 1269 1483 inidui
1283 1399 1447 1481 violentia,

196 1507 285 1592 quia,
308 1512 345 1573 ut
367 1507 437 1591 ipse
461 1507 523 1572 ait:

359 1627 454 1684 omnia
471 1627 559 1683 vincit
577 1644 663 1696 amor,

156 1752 276 1813 laute
307 1747 392 1812 diem
424 1746 540 1811 merito
568 1746 693 1811 videtur
721 1742 737 1835 ΙΙ
766 1746 919 1812 occidere.
964 1746 1041 1828 qnid
1068 1745 1153 1831 quod
1184 1747 1283 1810 otiam
1312 1745 1447 1810 Homeri

196 1854 268 1920 eius
292 1854 378 1919 modi
405 1857 455 1919 est
481 1855 644 1934 sententia,
671 1876 765 1937 quem
789 1851 955 1938 Vergilius
982 1855 1092 1916 noster
1121 1853 1208 1916 omni
1232 1853 1448 1918 aemulatione

194 1966 354 2027 sectatur:

357 2082 462 2154 σφῇσιν
480 2077 687 2154 ἀτασθαλίῃσιν
705 2080 778 2151 ὑπὲρ
797 2081 886 2152 μόρον
904 2073 984 2150 ἄλγε’
1005 2077 1130 2151 ἔχουσινς

150 2228 171 2277 o
192 2215 229 2276 in
253 2233 318 2296 quo
340 2215 391 2276 est
411 2207 495 2295 ὑπὲρ
515 2213 621 2295 μόρον
640 2211 725 2276 ultra
745 2211 918 2276 decretum.
952 2209 1036 2294 quod
1057 2210 1084 2274 si
1104 2208 1291 2274 admittitur
1310 2213 1347 2274 ut
1365 2211 1446 2275 ulte-

191 2318 262 2384 rius
286 2318 512 2402 protendatur,
537 2319 691 2402 quoniam
714 2318 748 2382 id
772 2341 810 2382 ex
834 2317 978 2382 moribus
1001 2317 1125 2382 factum
1149 2320 1213 2402 est,
1236 2317 1320 2402 quod
1344 2318 1445 2403 signi·

191 2427 271 2490 fiant
302 2433 428 2509 σφῇσιν
460 2423 716 2510 ἀτασθαλίῃσιν,
748 2425 919 2490 admittere
954 2425 1132 2508 poterimus
1165 2422 1268 2488 Didus
1300 2425 1445 2489 moribus

189 2537 402 2618 properatum
429 2533 528 2596 etiam
555 2531 615 2596 fati
643 2532 856 2612 celeritatem,
884 2535 921 2595 ut
949 2532 1037 2595 intra
1060 2531 1146 2595 diem
1170 2535 1283 2614 posset
1306 2531 1446 2616 admitti,

190 2639 346 2724 quoniam
364 2638 496 2723 recepit,
514 2643 551 2703 ut
565 2638 727 2704 Homerus
747 2640 801 2723 ait,
820 2639 898 2704 rnala'
914 2637 1173 2724 magnitudinem
1192 2639 1280 2703 ultra
1293 2639 1360 2703 vim
1375 2639 1444 2705 fati.

147 2764 167 2813 ο
282 2762 523 2811 morannum
543 2745 642 2810 etiam
662 2745 843 2830 potentiam
858 2744 1036 2809 auotoritas
1051 2744 1148 2810 dedit.
1182 2745 1317 2811 Sisenna
1331 2745 1444 2812 Histo-

282 3016 317 3064 25
335 3026 431 3065 versus
450 3012 552 3079 poetae
571 3009 704 3074 scaenici3
724 3010 757 3064 ef.
777 3025 876 3063 comm.
891 3011 948 3077 1126
968 3009 1050 3065 Cutil.
1070 3015 1096 3076 2,
1116 3011 1202 3078 5932
1222 3009 1317 3065 Bucol.
1337 3011 1371 3080 X,
1387 3013 1445 3085 6911

188 3099 203 3145 1
226 3090 327 3161 Odyss.
347 3090 368 3156 1,
388 3093 496 3158 94910
516 3090 634 3146 Sisenna
651 3090 723 3145 Hist.
744 3090 789 3145 III.

281 3340 319 3395 29
338 3357 423 3406 sens,
441 3341 461 3394 ι’.
479 3356 500 3394 e.
520 3340 688 3404 sententiam
708 3339 742 3405 ef.
764 3343 817 3393 173
832 3341 848 3393 l.
868 3338 1017 3394 sententia.
1039 3372 1071 3379 -
1089 3355 1164 3393 nuno
1185 3340 1221 3393 M
1224 3360 1234 3405 ;
1255 3356 1310 3394 uon
1329 3343 1389 3397 edd.
1410 3375 1442 3382 —

185 3422 264 3478 teris
285 3438 329 3490 pr.
349 3421 384 3476 L.
404 3452 436 3459 -
456 3419 522 3488 quia
540 3421 563 3474 si
583 3420 716 3487 Rottins;
734 3418 826 3489 prisea
846 3419 883 3472 Μ
885 3441 897 3488 ,·
918 3436 990 3487 quae
1012 3419 1105 3489 prima
1122 3419 1182 3474 edd.
1202 3451 1235 3459 -
1255 3419 1293 3474 24
1312 3422 1446 3478 filosofica

186 3503 232 3571 L;
250 3501 417 3571 philosofiaa
429 3501 469 3556 Η.
484 3532 517 3540 -
532 3500 569 3556 25
589 3499 633 3553 sni
652 3500 755 3568 quiquo
773 3501 882 3565 frustra
895 3500 1065 3555 Lachmann.
1083 3515 1174 3554 comen.
1190 3499 1275 3554 Lacr.
1288 3519 1334 3573 pp.
1349 3508 1394 3558 94.
1409 3537 1442 3545 -

186 3581 255 3636 fort
274 3579 706 3648 hom.srapplenit1iottins;ef.
727 3582 807 3636 Corn
828 3581 926 3650 Nepot.
948 3597 973 3634 ν.
993 3582 1081 3635 Attici
1099 3585 1148 3648 11,
1168 3585 1200 3649 6;
1224 3581 1278 3637 Oia.
1301 3583 1442 3640 Paradae.

187 3666 217 3730 5,
236 3665 282 3728 34,
300 3661 350 3714 nbi
367 3661 477 3729 rapiente
491 3666 574 3729 poeta
591 3661 695 3714 dicitnr
712 3662 796 3715 taius
813 3662 963 3715 sententiae
980 3665 1087 3728 aneton,
1106 3662 1275 3730 Menander,
1291 3669 1368 3731 puro,
1388 3667 1444 3721 aine

186 3740 384 3810 Epidamnus.
397 3770 429 3780 -
440 3739 479 3795 29
493 3737 598 3793 desinit
610 3741 650 3794 ed.
664 3742 768 3809 νήνι,Ι
782 3740 883 3794 desivit
891 3741 951 3796 edd.
964 3771 995 3779 —
1007 3739 1090 3804 mire;
1104 3742 1171 3810 quia
1181 3758 1284 3809 parum
1297 3744 1444 3813 honorifica

186 3823 222 3876 ι’νι
239 3821 389 3888 fortunam.
409 3851 442 3860 -
463 3819 498 3873 22
518 3819 685 3875 inmultatur
699 3838 744 3889 pr.
764 3822 798 3874 L.
821 3850 853 3860 -
872 3837 902 3875 as
920 3820 967 3890 L,
984 3835 1066 3873 —ex
1084 3836 1134 3875 om.
1154 3822 1253 3876 Bamb.
1269 3854 1301 3862 -
1317 3823 1355 3878 28
1372 3825 1443 3894 iam,

187 3918 253 3957 eam
276 3900 317 3969 L,
341 3900 398 3971 H„
421 3900 520 3955 Bamb.
540 3918 655 3954 —oum
680 3902 742 3956 add.
768 3901 809 3957 M.
830 3932 862 3941 —
882 3899 919 3954 29
943 3901 1052 3969 postest
1070 3900 1104 3954 G.
1124 3933 1157 3942 -
1177 3902 1216 3956 99
1236 3903 1310 3957 aeler
1328 3904 1443 3975 (celera,

186 4000 223 4037 ιιι.
238 3984 259 4037 2
277 3981 352 4037 aeler
370 3998 388 4035 a
405 3981 443 4051 L)
461 3986 595 4036 neutram.
612 4012 644 4020 -
659 3982 695 4035 91
711 3979 801 4049 iniqui
815 3981 856 4052 H,
864 4003 875 4049 ;
892 3980 991 4049 iniqua
1003 3981 1061 4035 rell.
1077 4012 1109 4021 -
1125 3982 1163 4035 92
1178 3982 1245 4051 quia
1260 3984 1300 4038 ed.
1315 4003 1341 4039 a.
1356 3989 1427 4041 1471
1433 4008 1443 4054 ,-

187 4061 240 4134 qui
258 4063 319 4118 odd.
339 4093 371 4102 -
391 4062 451 4131 ipse
470 4061 527 4131 (ipe
541 4078 586 4130 pr.
606 4062 656 4130 L);
680 4063 699 4115 ι’.
719 4080 740 4116 ι.
760 4063 842 4117 idem.
859 4093 891 4102 -
907 4067 953 4117 cet.
973 4062 1007 4130 ef.
1027 4064 1112 4116 4461.
1133 4079 1222 4118 omna.
1239 4094 1271 4103 —
1286 4063 1324 4118 99
1343 4066 1443 4121 lineola

187 4144 271 4210 infra
296 4142 394 4198 addita
415 4143 448 4196 in
470 4142 504 4197 L.
524 4172 557 4181 -
582 4141 599 4196 l
624 4140 691 4210 quid
715 4142 789 4208 quod
813 4142 861 4208 Μ,
889 4141 964 4211 quod
985 4159 1010 4195 ν.
1035 4173 1068 4181 -
1093 4143 1183 4196 eadem
1206 4143 1354 4200 elocutione
1376 4163 1443 4202 usus

186 4224 304 4280 Nonius
319 4227 385 4290 446,
404 4226 447 4277 15.
467 4253 500 4262 -
520 4221 606 4277 ornari
626 4222 741 4291 Bomb.;
754 4239 799 4290 pr.
819 4223 853 4276 L.
874 4253 907 4262 -
927 4222 945 4276 2
964 4222 1103 4276 sententia
1122 4224 1185 4277 add.
1205 4223 1246 4278 M.
1265 4255 1299 4263 —
1318 4226 1353 4291 cs.
1374 4226 1441 4281 Gen.

193 4302 269 4371 VH,
296 4308 331 4373 2,
359 4305 401 4356 14.
427 4332 458 4342 -
479 4300 741 4371 4φεσινσιτασθααι
765 4307 793 4371 (o
817 4303 863 4371 Η)
892 4320 1310 4372 εσινυιιερμσρσνααταιεχονσιν
1334 4306 1373 4372 L,
1397 4306 1443 4374 H,-

185 4384 316 4440 omniur
339 4382 379 4451 G,
402 4382 500 4437 Bamb.
520 4383 591 4438 -ὅ
614 4384 643 4435 in
668 4398 723 4451 quo
747 4387 790 4436 est
809 4383 857 4452 Μ,·
880 4383 953 4452 quod
973 4384 1078 4451 (praee.
1102 4387 1140 4450 ιν)
1163 4388 1206 4438 est
1224 4385 1261 4454 0,·
1279 4385 1324 4441 ida
1343 4387 1441 4442 Bamb.

188 4496 223 4505 -
245 4464 260 4519 2
280 4480 573 4532 σφισιναταειααιεαν
591 4463 628 4529 L,
646 4463 680 4516 H
681 4485 692 4530 ;
709 4464 835 4518 similiter
855 4460 891 4530 G,
909 4463 1007 4516 Rama.
1025 4463 1225 4532 —poterimus
1243 4463 1293 4533 Μ,
1311 4466 1440 4534 poteritis

186 4545 225 4614 0,·
249 4541 374 4615 potentia
395 4544 493 4598 Barnb.
519 4574 550 4583 —
575 4541 663 4597 Didus
689 4544 726 4597 Μ
728 4565 739 4612 ,·
762 4543 796 4597 de
817 4560 840 4597 ν.
867 4573 899 4582 -
924 4542 942 4596 8
965 4539 1040 4596 intra
1063 4541 1150 4609 diem3
1174 4544 1198 4597 t.
1219 4559 1239 4597 e.
1264 4549 1330 4600 ante
1354 4548 1441 4615 diem3

186 4627 222 4693 ef.
244 4625 331 4679 5301.
350 4622 433 4680 intra.
453 4654 487 4664 —
505 4625 601 4693 posset
620 4625 657 4677 M
661 4645 670 4688 ;
688 4622 777 4693 possit
794 4640 819 4678 v.
838 4654 872 4664 -
891 4624 910 4678 9
934 4639 1043 4677 omerus
1066 4623 1180 4691 Bamb.;
1198 4640 1244 4692 pr.
1268 4626 1300 4680 L.
1321 4657 1355 4667 -
1373 4628 1442 4683 mali

185 4707 253 4763 add.
274 4705 324 4773 M;
342 4704 378 4772 es.
397 4707 443 4771 46,
462 4707 514 4772 19,·
532 4708 596 4771 435,
611 4708 645 4769 2,·
664 4708 730 4773 441,
747 4707 775 4758 2.
796 4734 828 4744 -
849 4704 887 4759 19
906 4699 1106 4774 inpotentiam
1130 4704 1164 4770 es.
1184 4707 1238 4760 129
1257 4705 1274 4759 1.
1294 4706 1441 4776 impotens.

187 4818 222 4828 -
243 4786 343 4853 etiam3
363 4785 438 4841 enim
455 4785 511 4858 L„·
529 4784 588 4855 H„·
606 4785 702 4840 Bamb.
724 4816 756 4823 —
777 4786 897 4841 auctoris
916 4785 1014 4840 Bamb.
