3164 5326
290 337 338 393 DE
359 337 472 393 vauls
491 336 786 393 SIGNIFIGATIONE
805 335 1017 394 SERMONVM.
1046 336 1093 392 IV.
1255 337 1318 401 381

1235 430 1274 468 ate
1288 428 1321 468 Μ.

229 499 352 568 denique
371 498 513 555 alescendi
532 516 669 555 summum
688 499 808 570 tetigere
828 517 969 557 cacumen.

27 624 44 671 e
157 607 313 674 Laberius
336 609 371 675 in
395 608 580 676 Sororibus:

387 733 458 800 laus,
477 750 589 803 nomen,
607 732 700 803 gloria

228 828 263 868 ea
280 812 377 882 agenti
395 813 504 869 olescit.

400 992 566 1061 INCIPIT
590 993 676 1059 PER
699 993 725 1058 B
750 938 985 1059 LITTERAM.

155 1136 297 1184 BELLVM
317 1123 377 1203 est,
399 1123 437 1183 ut
455 1119 652 1204 plerumque,
675 1140 793 1203 pugna.
810 1121 821 1203 l
839 1117 1006 1201 Bellum,
1029 1119 1172 1205 eleganS,
1190 1121 1320 1185 melius:

13 1226 217 1311 inprudens.
256 1224 398 1291 Lucilius
422 1226 478 1291 lib.
502 1223 676 1291 XXVIIII:

229 1348 351 1403 admtem
369 1346 443 1401 istuc
461 1346 515 1402 tibi
534 1347 656 1402 laturam
675 1348 728 1419 [et]
748 1347 863 1417 bellum,
882 1348 906 1402 si
925 1348 979 1402 hoc
997 1348 1104 1402 belluim
1123 1351 1214 1419 putas.

155 1456 262 1522 Varro
285 1458 382 1544 Ταφῇ
404 1461 596 1523 Merionen:
621 1457 799 1543 Diogenem
824 1458 952 1522 litteras
977 1458 1085 1543 scisse,
1108 1458 1196 1522 domi
1214 1458 1320 1522 usioni

66 1565 152 1650 quod
177 1564 259 1630 satis
286 1571 381 1648 esset,
404 1565 491 1629 hunc
515 1566 599 1649 quod
623 1565 722 1630 etiam
746 1565 870 1630 acroasi
896 1565 1056 1630 bellorum
1079 1564 1257 1631 hominum.
1276 1600 1320 1611 -

65 1672 152 1737 idem
182 1671 310 1738 ecdem:
339 1672 373 1737 in
402 1678 511 1738 carteo
541 1673 646 1738 stadio
677 1673 866 1758 epitaphion
894 1693 1001 1759 agona
1030 1695 1126 1757 quom
1156 1674 1227 1758 quis
1256 1696 1320 1738 cer-

155 1839 172 1884 ir
192 1829 327 1885 Laberius
351 1829 497 1886 Sororibus
519 1833 529 1902 Ι]
554 1836 586 1884 10
609 1830 732 1886 Lucilius
756 1831 773 1884 l.
797 1829 929 1885 XXVIIII
951 1831 961 1900 Ι]
985 1835 1018 1884 12
1044 1831 1130 1885 Varro
1152 1831 1236 1903 Ταφῇ
1258 1832 1317 1885 Με-

66 1912 173 1965 rinnon
187 1911 198 1979 Ι
213 1916 247 1965 14
265 1907 354 1965 Varro
375 1911 460 1982 Ταφῇ
480 1911 645 1965 Μενίππου.

64 2070 155 2122 nsque
173 2054 267 2107 mater
284 2056 379 2122 potest
397 2053 511 2109 sufferre
530 2054 575 2109 lac
593 2071 683 2124 neque
703 2054 881 2124 congenerati
903 2054 1052 2110 olescendo
1066 2055 1198 2109 roborari.
1216 2086 1247 2095 —
1262 2057 1319 2110 iam

65 2150 126 2188 mni
146 2150 182 2188 nc
205 2132 331 2188 Nonium
353 2135 461 2204 quidem
483 2136 521 2190 sit
541 2136 685 2204 probabile
707 2135 742 2188 ab
765 2135 865 2201 alendo
889 2136 1056 2191 existimasse
1073 2136 1227 2190 ducendum
1246 2137 1317 2191 illud

65 2213 191 2281 molere,
222 2214 317 2282 patius
348 2215 455 2269 uidetur
486 2215 660 2270 scribendum
692 2212 835 2281 Olescere;
869 2215 900 2269 ici
931 2216 1003 2284 quod
1034 2216 1214 2283 continuatur
1241 2216 1320 2270 Festi

59 2310 107 2364 pp.
127 2298 200 2360 309,
219 2295 268 2362 qui
286 2293 411 2362 suboles,
430 2297 534 2365 inquit,
554 2294 590 2349 ab
610 2293 759 2350 olescendo
778 2294 807 2348 id
827 2294 1054 2365 succrescendo,
1078 2299 1110 2350 ut
1127 2295 1319 2351 adolescentes

65 2388 178 2443 queque
202 2374 234 2428 et
255 2374 370 2429 adultae
390 2379 419 2429 et
437 2374 546 2430 indoles
565 2375 675 2430 dicitur.
698 2406 730 2415 —
747 2381 888 2444 practerea
907 2381 1024 2444 apparet
1042 2380 1106 2429 ante
1124 2374 1254 2428 Alescere
1274 2374 1318 2428 vel

65 2450 194 2509 Olescers
222 2453 338 2520 hemia,
364 2456 463 2525 quibm
491 2455 663 2511 indicaretur
691 2456 763 2510 illud
786 2454 898 2510 adolere
921 2456 956 2510 ab
980 2454 1075 2509 alendi
1098 2455 1154 2508 sive
1177 2453 1317 2509 alescendi

63 2533 144 2588 aerbo
162 2533 298 2605 atpium
315 2534 413 2590 ducere
432 2537 527 2602 (itaet
541 2552 589 2604 pp.
609 2539 646 2590 53
661 2537 678 2592 l.
699 2553 731 2590 m.
752 2536 933 2603 conseruntur
950 2535 1001 2589 illa
1019 2534 1152 2601 adolevit,
1172 2533 1318 2604 adultum).

63 2630 129 2668 nem
151 2630 188 2668 ne
209 2613 242 2667 in
264 2619 362 2683 quarm
385 2616 492 2684 quidem
511 2617 601 2684 capite
618 2615 742 2682 Nonius,
763 2617 892 2685 perditus
910 2617 1121 2686 colloquiorum
1139 2619 1278 2683 captator,
1301 2632 1320 2668 a

61 2695 234 2763 propmctatc
261 2695 403 2751 cuborum
431 2697 556 2752 abstinet.
576 2726 608 2736 -
632 2696 668 2763 cs.
692 2699 749 2751 362
763 2698 781 2752 l.
809 2695 960 2766 protelare.
983 2727 1016 2735 -
1041 2693 1242 2749 aduliscentem
1265 2694 1320 2764 L„·

66 2772 158 2844 Germ
182 2773 390 2830 adulescentem
409 2777 468 2832 rell.
487 2793 543 2831 eac.
567 2777 639 2847 quod
657 2775 865 2831 adolescentem
884 2776 979 2843 A‚1s.
999 2807 1032 2816 -
1052 2775 1170 2829 dicimus
1189 2775 1320 2842 (inicium

63 2852 240 2910 Lachmann.
259 2856 291 2910 in
308 2855 391 2911 Lucr.
409 2873 456 2927 pp.
477 2861 546 2923 1405
564 2859 590 2910 A
597 2879 608 2925 ;
626 2856 796 2926 dicimill13
814 2855 870 2909 dici
889 2856 923 2925 L1
933 2875 942 2921 ;
964 2854 1039 2919 Gcn;
1059 2856 1101 2922 B;
1120 2852 1190 2908 dicit
1202 2854 1251 2925 L„
1265 2854 1319 2925 H„

64 2933 97 2988 G.
114 2932 182 2988 -4
201 2933 325 3004 donique
339 2935 451 2991 Lacbrn.
472 2943 608 2992 comerent.
628 2939 659 2991 in
674 2936 758 2992 Lacr.
779 2939 796 2991 l.
812 2955 862 3000 m.;
881 2934 1000 3003 denique
1020 2935 1096 3001 cdd.;
1114 2939 1139 2989 et
1159 2935 1225 3002 ipsc,
1241 2942 1319 3003 puto,

63 3013 156 3082 Non.,·
174 3013 263 3069 donec
278 3016 345 3071 libri
358 3017 491 3072 Lucretii.
508 3049 540 3058 -
557 3016 697 3072 alescendi
712 3018 839 3082 Laclnn.,·
854 3017 995 3070 alescendi
1009 3017 1109 3070 rectius
1125 3015 1319 3084 Quicluratns;

63 3093 247 3149 adulescendi
267 3094 297 3163 0,
316 3096 384 3163 Gen,
403 3101 445 3161 A;
464 3097 636 3152 adolescenti
654 3097 689 3150 B.
709 3129 744 3138 —
763 3098 791 3151 6.
813 3097 827 3150 7
848 3097 917 3165 lans,
936 3113 1045 3162 nomen,
1065 3095 1156 3163 gloria
1171 3111 1205 3148 ea
1223 3095 1318 3163 agenti

63 3176 116 3241 (ael
134 3174 255 3243 agendo)
282 3176 381 3231 alescii
401 3179 451 3242 lvci
466 3180 561 3247 potius
580 3179 689 3246 olescit)
709 3177 757 3241 M;
777 3176 837 3229 laus
858 3190 961 3229 nomen
978 3175 1070 3245 gloria
1089 3175 1189 3229 olescit
1207 3175 1318 3230 Laclrnr.

61 3255 81 3309 1.
95 3272 130 3309 m,
137 3277 148 3323 ;
161 3254 225 3309 laus
238 3257 351 3310 nomine
366 3257 468 3326 agendi
482 3259 593 3312 nomine
608 3257 700 3327 gloria
713 3256 813 3311 alescii
824 3254 899 3321 Genu·
908 3273 954 3324 pr.
965 3256 1011 3324 H;
1023 3256 1085 3309 laus
1100 3254 1213 3309 nomine
1229 3255 1319 3323 gloria

60 3332 165 3389 alescit
175 3335 210 3405 L¹
219 3357 230 3404 ;
240 3335 300 3390 laus
311 3337 422 3391 nomine
433 3337 524 3407 gloria
533 3338 670 3393 adolescit
679 3337 706 3390 L
711 3360 721 3406 ;
735 3336 769 3390 H
776 3354 810 3391 ac
820 3353 888 3392 corr.
895 3359 904 3405 ;
920 3337 953 3391 G.
962 3368 993 3376 -
1003 3338 1033 3390 in
1044 3339 1079 3402 A,
1090 3335 1118 3389 B
1127 3336 1196 3389 Lab.
1207 3336 1318 3404 caernpl.

61 3431 120 3469 non
138 3420 222 3470 artat.
239 3446 272 3455 —
291 3417 412 3485 equidem
430 3419 553 3471 nondum
571 3424 615 3472 sat
634 3421 744 3489 capuita
763 3418 871 3471 sincera
890 3418 1021 3472 librorum
1039 3418 1188 3470 traditione
1207 3417 1318 3472 Luciam.

60 3501 195 3561 amoram
216 3496 393 3564 probandum
414 3499 560 3552 irruentum.
597 3499 643 3552 scel
661 3515 723 3553 cnm
741 3499 815 3551 illuct
833 3493 934 3566 agendi
953 3497 1001 3550 cia
1015 3497 1158 3564 probabile
1176 3497 1212 3549 sit
1230 3502 1319 3549 ortum

60 3593 97 3629 ea
115 3592 146 3629 eo
170 3577 243 3644 quod
256 3578 399 3644 praecedit
417 3594 440 3632 c.
460 3582 478 3631 4
497 3578 685 3643 adulescendi,
705 3579 764 3631 clia
782 3578 839 3643 fuit
856 3577 903 3630 isa
921 3577 1053 3630 irruendo.
1072 3607 1107 3616 —
1126 3577 1228 3631 accedit
1247 3577 1319 3644 quod

60 3657 305 3724 anapaesticorum
324 3661 468 3710 metrorum
487 3658 517 3710 in
536 3657 660 3725 reliquiis
678 3658 821 3710 mimorum
841 3663 864 3710 et
883 3657 1066 3710 atellanarum
1081 3657 1228 3724 exemplum
1244 3661 1319 3709 citat

63 3734 181 3789 nullum.
218 3751 304 3804 neque
336 3751 402 3789 casu
434 3737 464 3790 id
495 3738 599 3802 sactum
629 3742 740 3805 practer
770 3737 890 3790 Terentii
922 3737 1034 3801 subulas
1057 3738 1242 3805 predictarum
1269 3737 1319 3789 boc

57 3817 245 3884 posteriorum
268 3821 292 3869 et
316 3821 471 3885 lopntarum
495 3817 636 3870 declarant
659 3818 804 3885 reliquium
829 3819 857 3869 in
881 3818 979 3885 quibus
997 3818 1078 3870 etiam
1098 3817 1146 3869 illa
1166 3817 1316 3869 rarissima.

59 3896 183 3964 adeoque
201 3897 232 3948 in
251 3896 379 3950 cunonis
397 3901 421 3950 ct
439 3898 528 3950 ritimis
543 3903 654 3964 practer
673 3899 743 3950 irim.
766 3897 845 3951 ionrb.
866 3902 890 3949 ct
909 3897 991 3951 trech.
1011 3902 1108 3965 septen.
1129 3903 1154 3950 et
1167 3897 1318 3964 aliquando

58 3982 164 4045 septen
188 3981 213 4030 ct
237 3982 324 4031 oetan.
349 3977 478 4031 iambicos
503 3978 551 4030 cix
575 3978 724 4045 quitquam
743 3982 887 4031 inctrcrum
905 3977 991 4042 fuisse
1010 3978 1061 4030 tibi
1077 3977 1244 4045 persuadeas
1261 3978 1318 4029 nisi

57 4062 232 4112 tetrametros
255 4056 414 4111 baccbiecos
436 4063 459 4111 ct
483 4058 593 4111 creticos
616 4074 710 4125 cesarie
732 4059 895 4110 rarissimos.
933 4058 967 4123 cf.
992 4061 1016 4110 ct
1040 4058 1105 4111 libri
1128 4058 1160 4111 dc
1183 4057 1317 4110 Saturnio
1348 4061 1354 4073 ‘

57 4156 84 4193 r,
98 4154 148 4206 pp.
162 4141 188 4192 5.
204 4167 236 4176 -
252 4135 335 4190 Sem.
351 4135 417 4192 Gerr.
433 4168 466 4176 -
483 4137 502 4190 o
521 4139 617 4206 inperce
635 4138 680 4190 luc
694 4137 731 4189 N.
750 4143 860 4205 stupor;
878 4138 926 4204 qui
944 4137 1051 4190 ulirrmn
1065 4138 1115 4190 hoc
1129 4138 1185 4191 loco
1199 4137 1317 4206 oripines

54 4218 296 4286 circumspexisset
319 4217 474 4284 verborum,
499 4218 530 4270 in
553 4217 651 4285 quibus
675 4217 743 4269 alibi
766 4217 938 4283 inmcircnciis
961 4221 998 4269 cst
1019 4217 1129 4270 inicitur.
1150 4248 1182 4256 —
1202 4215 1316 4282 elegans

54 4299 114 4369 L„
134 4297 193 4366 11„
214 4296 284 4363 Gen,
304 4296 345 4363 B,
363 4298 389 4349 A
396 4318 407 4364 ;
428 4296 536 4364 eligans
556 4295 608 4366 L„
630 4296 685 4365 112,
708 4296 739 4350 G.
760 4326 794 4334 —
815 4296 849 4348 11
871 4298 932 4349 stuc
952 4296 1019 4360 Gen,
1039 4298 1073 4351 B.
1094 4328 1128 4336 -
1148 4300 1177 4350 et
1194 4298 1266 4365 qnod
1284 4314 1317 4349 ce

46 4377 237 4451 praecedente
260 4379 384 4430 aetatem
410 4378 463 4430 stc.
487 4381 577 4430 ortum
596 4377 645 4431 dei.
666 4376 720 4429 Me.
742 4408 773 4415 -—
793 4380 875 4445 putas
895 4377 958 4430 add.
979 4378 1028 4445 Hc·
1050 4407 1083 4416 —
1104 4378 1140 4430 12
1160 4377 1261 4442 Varr03
1281 4378 1315 4442 cf.

48 4458 155 4515 2301.
179 4474 245 4511 usus
265 4473 327 4510 cum
346 4472 436 4510 comm
458 4488 488 4495 -
510 4456 575 4508 dnm
595 4454 687 4509 usioni
707 4456 741 4522 L,
761 4457 800 4521 H,
823 4454 890 4520 Gerr,
909 4456 950 4523 135
970 4457 1035 4509 duni
1055 4457 1157 4511 nisioni
1172 4458 1204 4511 G.
1226 4488 1258 4495 -
1279 4457 1316 4510 13

49 4544 135 4596 hunc
150 4537 350 4605 Bueclrclcrus;
364 4541 431 4591 tunc
445 4538 550 4605 (prece.
566 4539 590 4603 t)
605 4537 664 4590 cdd.
681 4568 711 4574 --
729 4537 815 4602 liunc;
834 4536 1011 4605 Menippum·
1027 4544 1141 4606 propter
1154 4538 1314 4607 clcprmticrn

47 4622 232 4688 romptorum.
254 4648 287 4657 -
308 4617 416 4670 acroasi
434 4616 500 4670 Iun.
528 4619 557 4669 in
581 4632 683 4683 irio-ry.‚·
707 4616 795 4668 acrosi
819 4617 879 4670 cdd.
900 4647 933 4655 -
953 4618 1017 4669 acta
1035 4620 1109 4683 (acto
1128 4620 1167 4672 ccl.
1188 4638 1212 4671 c.
1234 4623 1315 4685 1471)

47 4701 117 4757 cdd.
151 4715 233 4768 usquc
261 4697 300 4751 aci
328 4696 395 4750 Iun.
421 4727 454 4736 -
478 4696 620 4750 bominem
644 4695 686 4760 II,
716 4696 789 4763 Gerr,
817 4696 852 4751 B.
873 4727 904 4735 -
931 4695 967 4749 14
991 4696 1065 4750 idem
1089 4697 1185 4751 oedem
1210 4698 1260 4768 lll.
1283 4730 1314 4737 -

46 4784 157 4839 cartae
180 4779 240 4849 H,;
269 4779 365 4831 casteo
390 4776 434 4848 G„
459 4809 492 4817 -
517 4775 681 4846 epitaphion
706 4792 798 4845 agona
823 4777 940 4832 anncb.
964 4778 1077 4831 Adeone.
1104 4778 1230 4845 XXIX,
1256 4785 1317 4846 2(›;
