3164 5326
803 1181 845 1256 V.

738 1356 905 1425 INCIPIT
1010 1305 1013 1309 ²
1408 1391 1410 1395 ’
1448 1383 1530 1424 suu.

254 1521 325 1594 ΒΕ
346 1522 672 1596 DIFFERENTIA
701 1521 922 1594 SIMILIVM
950 1520 1390 1594 SIGNIFICA'I'IONVM.

290 1697 418 1745 cvrmo
443 1684 476 1745 et
499 1698 597 1746 snos
620 1680 704 1745 idem
729 1680 912 1766 significare
935 1679 1093 1745 videntur.
1131 1683 1179 1743 set
1202 1683 1251 1744 est
1270 1678 1449 1743 diversitas.

198 1785 341 1870 cupido
366 1788 451 1851 enim
476 1787 731 1853 inconsideratae
756 1792 806 1852 est
828 1786 1047 1871 necessitatis,
1071 1808 1177 1851 amor
1199 1786 1318 1851 iudicii.
1354 1784 1449 1848 Plau-

197 1897 252 1957 tus
277 1892 507 1959 Bacchidibus:

145 2029 180 2076 15
522 2016 651 2087 Cupidon
670 2019 792 2071 tecumst
809 2033 909 2071 saevus
928 2018 1000 2070 inne
1020 2018 1122 2070 Amor?

290 2126 375 2191 idern
404 2129 439 2191 in
463 2126 655 2192 Curculione
683 2127 836 2191 discrevit
865 2131 898 2191 et
920 2127 986 2191 vinr
1011 2126 1152 2189 eiusdem
1176 2124 1375 2189 diversitatis
1399 2145 1448 2187 ex·
1526 2134 1530 2143 ’

198 2235 320 2318 pressit
342 2233 465 2299 dicens:

360 2355 434 2423 quod
453 2354 542 2410 Venu’
563 2357 726 2426 Cupidoque
744 2358 864 2426 imperat
883 2354 1037 2423 suadetque
1056 2353 1150 2408 Amor.

199 2458 413 2465 ..m—-

290 2515 736 2586 replautusBacchidibnifl1s
756 2518 776 2586 1,
797 2524 821 2586 1,
841 2523 865 2571 s.

291 2676 324 2730 V.
347 2677 481 2733 Absolute
503 2680 561 2733 iam
584 2681 672 2748 eapite
690 2679 902 2733 laboriosissimo
920 2693 963 2732 res
984 2678 1022 2731 aa
1040 2694 1083 2732 eos
1100 2679 1173 2733 redit
1192 2680 1284 2745 libres,
1303 2677 1402 2746 quibus
1419 2677 1452 2729 iu

197 2759 293 2827 prima
311 2762 336 2810 et
353 2760 474 2814 secunda
490 2766 570 2828 parte
588 2761 678 2828 operis
696 2761 741 2813 usi
758 2775 861 2825 summ,
880 2760 904 2813 li.
920 2777 941 2813 e.
961 2758 999 2812 ed
1016 2759 1236 2828 Inpriorem,
1255 2756 1450 2822 Harleianum,

203 2838 457 2905 Guelferbitanum,
475 2839 705 2908 Bamberpeusem.
728 2869 760 2878 -
781 2838 828 2893 10.
848 2839 882 2892 ll
900 2844 964 2908 post
982 2840 1054 2893 illud
1073 2839 1313 2909 significationum
1332 2840 1396 2893 aelel.
1416 2838 1450 2906 L,
1515 2831 1517 2834 ’

201 2918 242 2985 H,
260 2917 359 2971 Bamb.
378 2919 477 2973 litteris
495 2920 662 2988 capitulatus
680 2937 712 2973 ea
730 2936 800 2988 quae
817 2925 894 2972 smel:
914 2935 964 2988 per
982 2918 1092 2973 litteras
1111 2919 1141 2972 id
1160 2922 1204 2973 est
1217 2937 1268 2989 per
1282 2919 1302 2972 C
1317 2920 1449 2974 litteram.

202 3029 235 3038 —
255 2999 355 3053 omittit
375 2998 462 3053 Velie.
483 3003 567 3066 3418,
586 3002 618 3053 in
635 3017 688 3069 quo
706 3005 744 3053 est
763 2999 798 3052 de
817 2997 989 3052 differentiis.
1008 3002 1088 3053 -iu
1107 3000 1132 3054 G
1150 3001 1233 3054 inser.
1252 3002 1330 3055 haec:
1348 2998 1451 3068 Incipit

202 3079 236 3132 de
260 3077 427 3132 differentiis
449 3080 604 3135 verborum.
642 3082 732 3135 cartem
755 3081 807 3133 alii
830 3082 909 3148 libri,
931 3087 962 3134 ut
988 3078 1110 3134 Oltobou.
1136 3085 1225 3149 16995
1248 3086 1336 3148 1725;
1363 3080 1450 3135 Velie.

202 3163 283 3213 1554.
307 3175 376 3226 quae
398 3160 434 3214 ab
457 3161 651 3229 interpolatore
667 3161 759 3229 posita
776 3164 853 3225 (nane
869 3163 963 3230 plures
977 3176 1028 3229 per
1046 3162 1162 3215 medium
1181 3179 1277 3215 aevum
1294 3163 1453 3228 serebrmtur

201 3240 251 3294 liae
275 3239 355 3293 titulo
377 3239 419 3292 uel
440 3239 526 3293 simili
548 3241 679 3309 syllaeae)
703 3257 760 3294 neu
778 3245 866 3308 potest
888 3241 1021 3295 dubitari.
1045 3270 1077 3279 -
1102 3242 1180 3295 bursis
1202 3243 1326 3307 sentibus
1348 3243 1379 3294 iu
1402 3242 1452 3294 hoe

203 3321 305 3388 capite,
328 3320 400 3387 quod
422 3324 485 3387 apte
507 3322 635 3390 iunpilur
658 3326 769 3389 quomo,
794 3337 874 3374 usum
892 3321 1018 3374 Nouium
1038 3321 1152 3389 perinde
1173 3327 1253 3391 atque
1276 3323 1452 3390 insequente

203 3416 288 3469 neque
306 3404 395 3454 tamen
413 3401 458 3453 sui
477 3400 634 3454 dissimilem
648 3408 716 3454 recte
729 3406 807 3454 notat
823 3401 971 3455 Mereerus.
1000 3400 1158 3465 conferendi
1174 3403 1295 3456 maxime
1315 3401 1452 3456 Ciceronis

204 3481 270 3534 libri
293 3481 327 3534 de
347 3481 535 3550 philosophia,
555 3481 669 3544 Festus,
688 3483 801 3546 Gellius,
820 3481 940 3534 Servius.
976 3497 1041 3534 num
1059 3482 1109 3549 qui
1127 3486 1222 3535 extant
1239 3483 1272 3536 ele
1291 3482 1453 3549 differentiis

204 3561 345 3615 vermem
369 3566 505 3615 tractatus
526 3579 587 3616 cum
609 3564 747 3616 interdum
770 3563 847 3615 clara
869 3563 971 3615 iactent
990 3564 1117 3629 nemina,
1138 3554 1172 3615 ut'
1186 3569 1257 3630 puta
1275 3562 1402 3617 Suetonii
1420 3578 1453 3615 ac

205 3641 373 3707 renuente,
395 3643 555 3712 plerumque
583 3644 737 3697 tenuissimi
759 3660 792 3696 ac
815 3643 950 3695 munsteri.
975 3673 1007 3680 -
1031 3657 1113 3710 perro
1136 3643 1329 3696 adoriendum
1352 3643 1390 3695 ad
1412 3658 1453 3708 ea,
1504 3699 1505 3703 ,

205 3739 273 3789 quae
296 3722 335 3776 ad
353 3723 479 3775 Suetonii
501 3739 570 3791 quas
592 3723 685 3789 fuant
709 3722 878 3789 differentiae
896 3722 1038 3775 ruborum
1056 3723 1197 3789 adscripta
1215 3727 1281 3775 sunt
1299 3740 1317 3775 a
1335 3723 1452 3790 Reiffer-

205 3803 331 3856 selreidie.
361 3832 394 3841 —
420 3807 533 3872 potuere
563 3805 651 3857 multa
682 3803 822 3870 disputari
854 3805 879 3854 et
911 3802 943 3854 de
975 3803 1072 3868 quinta
1103 3807 1231 3870 sectuque
1258 3808 1341 3870 parte
1365 3807 1455 3871 operis

205 3883 337 3937 Noniani
354 3888 379 3937 et
397 3883 430 3937 de
445 3882 523 3950 XII,
541 3901 610 3952 quae
629 3884 790 3937 inscribitur
809 3881 843 3933 de
862 3880 1009 3935 doctorum
1027 3879 1167 3950 indagine.
1196 3899 1264 3950 quae
1282 3888 1372 3936 iernen
1390 3885 1455 3937 aliis

203 3964 390 4032 persequenda
411 3964 604 4032 relinquimus,
622 3981 717 4033 pauca
736 3963 910 4031 proposuisse
933 3963 1058 4016 contenti.
1078 3992 1112 4001 -
1133 3961 1169 4015 12
1191 3962 1297 4029 Cupido
1316 3965 1346 4016 et
1364 3980 1454 4028 amor3

206 4045 240 4109 es.
264 4044 340 4098 Seru.
360 4043 471 4099 Daniel.
496 4045 534 4102 ad
552 4047 620 4098 Aen.
642 4044 704 4110 IV,
722 4047 791 4110 194;
814 4059 890 4111 quem
908 4043 998 4096 eodem
1015 4058 1068 4110 quo
1086 4042 1159 4096 Non.
1178 4043 1253 4108 fonte
1271 4044 1359 4097 rideri
1376 4061 1455 4099 usum

207 4130 275 4178 reete
293 4128 372 4178 uelut
386 4124 521 4179 Gentius.
536 4155 570 4163 -
585 4128 629 4178 set
642 4124 679 4176 M
681 4146 691 4191 ;
710 4126 738 4176 et
756 4140 780 4176 o.
797 4154 828 4162 —
844 4123 881 4176 15
901 4122 1021 4192 cupidos
1039 4128 1064 4176 et
1078 4122 1152 4175 Seru.
1168 4152 1201 4160 —
1217 4125 1337 4177 tecumst
1356 4140 1455 4178 saevus

208 4206 258 4270 (rel
277 4205 372 4258 tecum
391 4206 514 4272 saevust)
536 4206 570 4257 M
576 4225 585 4269 ;
603 4207 696 4257 tecum
716 4203 806 4256 saevis
827 4202 862 4267 C;
881 4205 909 4257 te
929 4219 992 4255 cum
1012 4201 1084 4255 sieut
1103 4201 1192 4255 Seruii
1208 4203 1249 4257 cd.
1264 4203 1306 4268 Κ·
1324 4205 1359 4269 cs.
1377 4205 1454 4258 Ouid.

207 4287 268 4338 Am.
289 4285 322 4352 I,
341 4289 360 4339 6
364 4325 374 4352 ,
397 4289 432 4338 34
438 4306 449 4352 ;
472 4289 521 4338 37:
545 4285 620 4338 solus
640 4300 729 4351 erem,
755 4281 779 4335 si
799 4299 854 4336 non
873 4300 973 4336 saevus
992 4281 1102 4335 adesset
1121 4297 1212 4345 amor3
1236 4299 1302 4350 ergo
1321 4286 1407 4336 Amor
1427 4289 1457 4336 et

208 4364 349 4419 modicum
372 4365 447 4420 circs
470 4381 533 4419 mea
556 4368 683 4435 tempora
706 4365 801 4418 vinum
825 4365 971 4418 mecumst.
992 4392 1025 4401 —
1045 4361 1128 4415 Pius:
1152 4360 1259 4429 Cupido
1282 4366 1310 4416 te
1333 4364 1456 4429 conficit;

207 4446 271 4500 hinc
288 4446 471 4500 Bitscleelius:
495 4443 621 4514 Cupidon
644 4448 672 4498 te
698 4445 825 4498 confecit.
861 4445 932 4514 quod
955 4448 1045 4497 tamen
1063 4441 1153 4494 Nonii
1175 4442 1263 4495 subn
1284 4444 1393 4497 ridetur
1411 4460 1455 4497 ex·

208 4528 297 4594 eludi;
318 4543 368 4580 nee
391 4527 486 4580 melius
509 4526 640 4580 Bothius:
665 4529 693 4579 te
717 4524 840 4594 conligit.
862 4557 892 4564 —
914 4523 951 4577 le
974 4523 994 4589 f.
1019 4519 1152 4575 discrevit
1175 4520 1243 4574 haec
1268 4524 1297 4576 et
1320 4522 1376 4576 vim
1397 4523 1455 4577 eius

210 4605 381 4662 diversitatis
406 4606 550 4675 expressit.
571 4638 602 4644 —
624 4606 660 4659 18
681 4623 736 4674 quo
760 4611 828 4660 recle
850 4606 910 4660 edd.
937 4604 999 4670 Pl.‚·
1022 4618 1104 4669 quem
1128 4601 1202 4655 Sere.
1224 4634 1256 4641 -
1276 4602 1378 4672 cupido
1397 4605 1455 4660 cdd.

212 4686 254 4740 Pl.
274 4719 307 4727 -
327 4687 450 4756 imperat
468 4688 549 4741 etiam
572 4687 670 4741 Plauti
693 4693 717 4739 ct
736 4687 826 4741 Seruii
848 4687 929 4753 libri;
951 4685 997 4738 scd
1020 4689 1089 4738 recle
1108 4683 1227 4752 lemtes
1245 4684 1398 4753 imperant;
1422 4686 1456 4752 es.

210 4782 234 4823 u.
253 4772 277 4822 6.
296 4798 331 4807 -
352 4766 452 4820 suadet
471 4767 545 4820 Seru
564 4767 622 4831 cd.;
640 4785 685 4836 ap.
707 4768 752 4821 Pl.
773 4768 799 4819 B
818 4784 852 4821 m.
872 4772 896 4820 1.

261 4867 326 4909 sorr
341 4868 421 4907 usae.
436 4865 459 4906 C.
474 4866 501 4906 D.
515 4866 549 4906 cd.
564 4867 589 4906 L.
603 4868 731 4908 Mursense.
1232 4863 1244 4908 l
