3164 5326
285 306 398 362 lanan
417 303 607 361 LIBRORVM
627 299 1273 370 616111611111116161616606111.
1345 299 1410 362 417

756 578 817 651 IV.

162 778 315 851 INDEX
334 776 582 850 LIBRORVM
595 774 896 861 QVORVNDAM
913 771 1050 846 TYPlS
1069 770 1413 846 IMPRESSORVM.

251 950 295 1003 lld
313 949 476 1006 indicandos
496 947 665 1018 scriptorum
685 964 755 1016 qnos
774 946 855 1004 affert
872 947 980 1002 Nonius
999 947 1074 1001 locos
1092 944 1225 1015 vulgatae
1244 944 1310 1013 iere,
1330 961 1413 1014 quam

164 1025 276 1086 vocant,
295 1021 421 1077 delectae
440 1024 523 1076 notae
543 1036 576 1074 66
595 1020 711 1075 numeri.

253 1092 350 1162 Itaque
366 1094 558 1148 Plautinarum
577 1091 785 1147 comoediarum
804 1090 833 1145 in
851 1091 933 1159 parte
951 1089 1056 1144 maiore
1076 1090 1118 1144 nsi
1134 1105 1229 1143 sumne
1244 1087 1414 1142 editionibus

163 1163 324 1229 Ritscbelii,
348 1164 469 1231 Goetzii,
492 1163 610 1229 Loevvii,
635 1163 664 1217 in
684 1162 785 1218 Casina
804 1166 833 1216 et
851 1161 1012 1216 Cistellaria
1031 1159 1169 1231 Vssingii,
1193 1160 1222 1213 in
1241 1158 1366 1230 Captivis
1386 1160 1415 1212 et

163 1235 292 1360 Rudent?
315 1235 492 1291 Fleckeiseni
514 1233 661 1303 (Schoellii
684 1250 766 1289 curae
790 1234 878 1288 serius
901 1232 938 1288 ad
954 1250 1006 1288 nos
1025 1233 1175 1304 perlatae),
1198 1231 1228 1286 in
1245 1229 1415 1286 Truculento

164 1309 183 1361 S
204 1323 238 1361 en
261 1307 316 1361 eii.

184 1326 203 1377 p
241 1325 284 1433 gln
303 1376 433 1433 Terentio
454 1375 670 1447 Vmpfenbacbii
689 1377 866 1432 observatum
887 1376 1035 1447 exemplar.
1124 1385 1126 1389 '

254 1451 339 1504 Porro
353 1452 438 1504 notae
453 1450 598 1519 appositae
612 1448 736 1503 Lucretii
745 1447 975 1515 Lachmanniani,
995 1446 1106 1502 Horatii
1120 1463 1152 1502 66
1167 1445 1305 1516 Propertii
1318 1442 1416 1513 nostri,

164 1521 282 1591 Vergilii
301 1519 496 1576 Ribbeckiani.

255 1591 398 1648 Ciceronis
423 1590 553 1661 operibns
578 1591 758 1661 designandis
781 1590 910 1646 adhibita
933 1590 1057 1645 recensio
1081 1591 1172 1645 altera
1196 1588 1307 1656 Orellii,
1332 1605 1415 1657 quam

164 1664 297 1720 defuncto
316 1665 369 1718 hoc
388 1664 570 1718 absolverunt
583 1661 710 1717 Baiterus
728 1664 757 1717 61
771 1662 908 1730 Halmius,
923 1660 1052 1716 Sallustii
1067 1662 1203 1717 Catilinae
1218 1678 1252 1714 ac
1266 1661 1416 1731 Iugurthae

164 1735 290 1802 Iordani,
323 1734 455 1789 Varronis
488 1733 522 1789 de
555 1752 584 1789 re
615 1735 720 1788 rustica
746 1733 826 1787 libris
855 1732 953 1801 Keilii,
986 1733 1110 1787 eiusdem
1139 1735 1174 1788 de
1201 1733 1300 1804 lingua
1329 1732 1418 1788 latins

165 1805 307 1873 Muelleri,
329 1805 413 1860 Gellii
433 1803 569 1860 Noctibus
588 1807 689 1860 Atticis
709 1805 827 1873 Hertuii,
846 1803 946 1859 Isidori
966 1803 1126 1874 Originibus
1145 1804 1269 1871 Ottonis,
1293 1805 1417 1859 eiusdem

165 1878 336 1933 Differentiis
360 1875 468 1946 Mignii.
506 1877 538 1930 ln
555 1877 639 1931 Festo
664 1879 693 1931 et
711 1875 799 1930 Panlo
822 1876 944 1946 paginae
967 1874 1033 1930 libri
1052 1875 1229 1931 Muelleriani
1247 1876 1417 1945 adscriptae,

164 1949 193 2003 in
218 1950 318 2004 ceteris
342 1948 533 2018 grammaticis
557 1952 589 2002 ut
611 1947 763 2018 plurimum
786 1945 961 2016 Pntechiani,
984 1946 1125 2002 interdum
1150 1948 1233 2002 Keilii
1256 1947 1418 2018 Hertziique

165 2019 364 2090 exemplarium
384 2019 528 2074 volumina
544 2020 729 2089 paginaeque,

254 2093 292 2144 At
320 2109 375 2145 non
402 2093 463 2145 erat
486 2107 554 2161 opus
578 2091 661 2157 signa
684 2089 758 2144 adici
780 2089 945 2158 fragmentis
970 2105 988 2143 6
1011 2090 1103 2144 Nonio
1127 2089 1230 2146 citatis.
1269 2091 1346 2158 Quae
1370 2091 1419 2145 ubi

165 2179 255 2234 panca
283 2165 444 2232 supersunt,
472 2162 527 2217 loci
555 2161 639 2216 facile
666 2163 786 2232 possunt
812 2159 932 2215 inveniri
955 2162 984 2214 in
1009 2161 1179 2217 editionibus
1203 2163 1341 2232 vulgatis,
1369 2163 1418 2216 ubi

165 2234 268 2300 multa,
289 2251 343 2288 non
363 2234 468 2288 maiore
487 2233 602 2303 negotio
620 2232 712 2303 repeti
731 2251 765 2287 ex
782 2231 923 2286 iudicibus
943 2233 1090 2286 verborum
1109 2234 1351 2303 locupletissimis,
1371 2234 1419 2303 qui

169 2305 251 2359 Ennii
266 2304 424 2374 Luciliiqne
443 2313 472 2358 et
491 2304 664 2359 scenicorum
683 2321 716 2358 ac
730 2302 866 2358 Varronis
880 2302 1022 2373 Menippei
1041 2320 1093 2358 nec
1112 2321 1167 2358 non
1182 2305 1376 2361 historicorum
1391 2309 1420 2358 et

169 2376 284 2431 Catonis
314 2377 481 2444 scriptorum
510 2374 635 2444 reliquiis
663 2391 751 2445 nuper
779 2377 845 2429 snut
872 2375 983 2429 adiecti.
1021 2374 1109 2445 Igitur
1137 2377 1204 2431 satis
1233 2377 1319 2431 habui
1346 2376 1419 2432 Livii

169 2446 325 2516 Naeviique
348 2446 451 2501 fabulis
474 2447 642 2516 subiungere
667 2447 829 2517 plerumque
853 2463 981 2501 numeros
1005 2446 1136 2502 editionis
1162 2464 1179 2502 a
1201 2447 1283 2503 nobis
1302 2449 1419 2504 emissae

171 2519 294 2574 Berolini
312 2534 336 2572 a.
359 2524 440 2583 18853
459 2519 562 2588 qnippe
581 2519 610 2571 in
629 2536 684 2586 qua
702 2517 772 2572 nulli
791 2517 848 2572 sint
864 2516 978 2572 indices.

258 2591 290 2645 ln
313 2590 484 2644 scenicorum
508 2590 660 2644 latinorum
684 2589 849 2659 fragmentis
872 2587 1026 2644 tractandis
1048 2589 1093 2643 usi
1117 2607 1211 2644 6611166
1235 2591 1280 2644 vel
1299 2592 1419 2646 maxime

169 2658 265 2716 Botbii
285 2678 385 2731 opera,
404 2678 475 2730 quae
494 2660 601 2731 prodiit
618 2659 729 2730 Lipsiae
748 2676 772 2713 a.
793 2665 870 2714 1834.
911 2660 995 2715 Porro
1014 2660 1129 2731 dignum
1148 2663 1284 2716 memoria
1304 2662 1420 2717 alterins

171 2732 303 2787 editionis
321 2734 435 2787 nomine
454 2731 605 2797 significari
624 2750 641 2786 a
659 2730 750 2798 nobie,
770 2736 801 2786 ut
820 2733 849 2785 61
867 2730 917 2786 6111
936 2730 1041 2801 166616,
1060 2731 1183 2787 eiusdem
1202 2733 1420 2790 Emendatioues

170 2805 322 2871 Nonianus,
341 2803 461 2857 insertas
481 2802 577 2857 Museo
592 2804 726 2857 Rhenano
746 2819 770 2857 a.
792 2809 869 2858 1837.

260 2876 301 2929 Ex
315 2891 387 2929 saec.
399 2874 463 2929 XVI
474 2877 502 2929 et
511 2873 588 2928 XVII
603 2876 746 2929 doctorum
764 2874 876 2944 scriptis
891 2873 961 2928 baec
974 2874 1150 2942 potissimum
1162 2892 1179 2929 a
1190 2876 1269 2931 uobis
1280 2877 1419 2932 adhibita:

258 2945 370 3016 losephi
387 2945 524 3014 Scaligeri
540 2945 728 3001 Coniectaneis
742 2945 770 2999 in
786 2947 822 2999 M.
833 2944 994 3000 Terentium
1007 2944 1162 3000 Varronem
1177 2948 1287 3003 adiecta
1302 2950 1421 3004 editioni

171 3018 303 3072 Varronis
323 3033 438 3086 operum
458 3016 591 3085 omnium,
611 3034 682 3086 quae
700 3018 776 3087 typis
795 3019 840 3072 est
858 3034 989 3087 expressa
1007 3016 1176 3073 Durdrechti
1194 3036 1218 3075 a.
1241 3025 1316 3075 1619.

261 3089 394 3143 Eiusdem
414 3091 497 3143 notae
516 3088 547 3142 in
561 3089 673 3144 Festum
693 3088 721 3142 in
741 3088 784 3144 ed.
801 3088 889 3156 Festi,
908 3104 980 3157 qnae
999 3089 1104 3158 prodiit
1123 3089 1328 3146 Amstclodami
1344 3097 1420 3146 1⁷00.

260 3161 404 3216 catalecta
415 3158 536 3229 Vergilii
555 3168 584 3214 et
600 3161 718 3214 aliorum
733 3162 878 3229 poetarum
893 3159 1044 3214 latinorum
1061 3164 1185 3215 veterum
1200 3165 1344 3230 poematia
1358 3180 1421 3218 cum

172 3232 380 3286 commentariis
402 3232 511 3300 losephi
530 3230 673 3300 Scaligeri.
712 3231 841 3301 Lugduni
862 3231 1030 3285 batavorum
1049 3247 1073 3287 a.
1096 3239 1171 3287 1617.

259 3302 328 3357 lusti
349 3301 435 3372 Lipsii
454 3304 546 3372 Opera
564 3304 666 3357 omnia.
704 3301 834 3357 Vesaliae
854 3320 878 3357 6.
901 3307 976 3358 lato.

260 3374 377 3429 Adriani
395 3372 519 3428 Tumebi
538 3373 768 3428 adversariorum
788 3373 853 3428 libri
872 3373 956 3427 XXX.
994 3373 1122 3428 Basileae
1141 3391 1166 3428 a.
1189 3380 1264 3431 1581.

259 3445 370 3500 Gruteri
390 3446 517 3514 Lampas.
554 3445 731 3500 Francofurti
749 3463 774 3500 6.
795 3448 979 3499 laos—1634.

261 3519 291 3571 ln
315 3516 393 3571 cuius
417 3519 496 3585 parte
519 3515 545 3569 ΙΙ
571 3517 667 3571 insunt
690 3518 753 3571 Luc.
778 3516 897 3572 Fraterii
921 3515 1108 3583 Verisimilia,
1139 3520 1171 3572 A.
1195 3519 1297 3574 Mureti
1320 3520 1422 3576 Variae

171 3587 319 3656 lectiones,
346 3589 374 3641 in
399 3586 440 3641 111
463 3587 525 3642 Gnl.
551 3587 664 3642 (lauteri
688 3588 783 3643 Novae
808 3586 956 3653 lectiones,
985 3587 1090 3643 Lndov.
1115 3586 1256 3644 (terrionis
1281 3589 1422 3661 Antiquae

170 3658 313 3726 lectiones,
335 3657 459 3713 eiusdem
478 3660 695 3713 Emendationes
714 3665 743 3714 et
762 3658 985 3724 Observationes,
1004 3659 1065 3714 Iani
1084 3658 1228 3714 Gulielmii
1247 3660 1422 3732 Verisimilia,

172 3731 295 3785 eiusdem
319 3731 346 3784 in
366 3730 495 3784 Plautum
520 3731 710 3798 quaestiones,
733 3730 762 3784 in
783 3732 819 3784 IV
840 3731 924 3784 Hadr.
948 3730 1020 3784 lunii
1039 3731 1254 3800 Animadversa,
1277 3734 1344 3787 item
1364 3734 1422 3791 Ian.

171 3800 304 3856 Palmarii
319 3800 478 3871 Spicilegia,
494 3801 523 3855 in
539 3800 576 3854 VI
590 3800 713 3855 Acidalii
731 3800 762 3855 in
776 3800 907 3856 Plautum
923 3800 1111 3856 divinationes
1125 3808 1154 3858 et
1167 3803 1422 3875 interpretationes,

172 3874 279 3927 utalia
298 3872 437 3941 quaedam
457 3876 639 3942 praeteream¹

262 3944 325 3998 Ger.
345 3943 457 3998 Ioannis
477 3943 570 3998 Vossii
589 3942 795 4014 (instigationes
819 3945 847 3998 et
866 3945 957 3998 Notae
982 3944 1056 4013 apud
1076 3945 1106 4000 P.
1126 3944 1294 4000 Scriverinm
1312 3948 1341 4001 in
1361 3948 1422 4003 Col·

172 4014 307 4069 lectaneis
327 4019 452 4069 veterum
471 4015 652 4084 tragicorum,
671 4013 781 4068 emissis
800 4014 929 4081 Lugduni
949 4014 1118 4071 Batavorum
1138 4034 1162 4071 a.
1185 4022 1261 4072 1620.

262 4086 409 4140 Passeratii
437 4088 612 4141 coniecturae
641 4086 744 4155 partim
772 4103 806 4140 ex
829 4085 946 4141 Merceri
974 4085 1098 4141 editione
1126 4087 1232 4158 priore,
1262 4090 1365 4159 partim
1390 4106 1423 4143 ex

173 4155 334 4223 Quiuherati
354 4157 433 4225 libro,
452 4158 501 4225 qui
519 4160 549 4212 61
567 4157 816 4212 editionea.161·2
837 4160 865 4211 et
884 4157 996 4227 scriptis
1015 4157 1074 4212 eius
1094 4176 1159 4214 usus
1179 4164 1223 4216 est
1240 4162 1324 4231 notis,
1342 4176 1423 4230 repe·

173 4227 252 4297 titus,
272 4227 365 4282 Guieti
384 4245 417 4283 ex
436 4227 559 4283 eiusdem
580 4227 743 4294 Quicbereti
762 4243 852 4296 opere.

228 4862 291 4902 11616
305 4862 384 4901 unc
399 4861 423 4901 0.
436 4861 464 4903 D.
478 4862 513 4903 61
528 4864 553 4903 1..
567 4861 695 4900 unum
