3098 5316
287 330 354 394 262
661 326 895 383 ADVERSARlA
915 326 1095 382 NONthA.
1123 325 1171 381 111.

288 516 388 578 opera
418 492 530 557 Sabini
564 513 635 556 eam
669 490 862 555 translatam
894 512 915 555 a
946 491 1052 555 scriba
1085 491 1195 577 aliquo
1230 494 1264 555 et
1296 488 1341 554 ab
1370 486 1530 555 eodcmad

289 601 378 665 illius
394 600 558 684 exemplar
574 620 668 663 suum
686 634 723 644 -
739 598 898 662 incertum
913 620 979 682 qua
992 596 1165 683 diligentia
1178 602 1213 662 et
1226 596 1293 662 fids
1305 632 1346 642 -
1364 600 1531 663 cormctum

378 707 489 792 Digna
522 705 656 792 cognitu
688 726 769 788 quae
802 704 840 768 de
869 704 1167 789 subscriptionibus
1196 703 1350 770 codicum
1378 702 1531 771 latinorum

289 813 427 899 protulit
454 813 565 878 lanius
594 813 615 878 l.
643 833 741 895 supro
769 816 958 879 memorato.
1003 811 1099 878 Vnde
1128 817 1267 897 apparet
1293 809 1431 875 minime
1451 831 1485 875 ex
1503 834 1531 878 ao

294 922 380 1006 quod
401 925 529 986 maturo
550 919 723 985 admodum
744 923 890 1004 tempore
909 919 1149 985 emendatorem
1168 918 1298 985 invenit
1316 914 1444 983 Nonius
1460 921 1531 1003 sequi

292 1027 489 1111 exemplaria
526 1026 595 1090 eius
632 1026 697 1090 iarn
729 1029 799 1091 tum
832 1027 965 1112 gravius
996 1025 1098 1093 fuisse
1131 1030 1297 1110 corrupta
1350 1023 1530 1111 Quamquam

292 1135 437 1221 potuisse
461 1156 500 1198 ea
522 1133 588 1197 cito
612 1133 719 1198 labem
742 1134 872 1199 trahere
891 1156 964 1199 cum
983 1138 1116 1219 propter
1135 1155 1302 1199 summam
1322 1131 1464 1197 auctoris
1481 1155 1530 1218 per

292 1243 488 1323 versitatem,
506 1243 575 1304 tum
595 1245 729 1325 propter
747 1240 992 1307 multitudinem
1011 1242 1233 1327 exemplorum
1252 1239 1468 1306 vetustissimi
1483 1263 1529 1307 sce

295 1350 400 1415 monis
424 1347 520 1413 latini
542 1370 639 1412 nemo
663 1348 804 1434 negabit.
841 1347 894 1413 lta
912 1371 940 1413 a.
959 1348 1025 1414 535
1045 1346 1110 1433 (vel
1123 1344 1207 1436 498)
1227 1370 1247 1413 a
1267 1346 1393 1413 Securo
1413 1345 1529 1414 hiemare

294 1456 400 1521 Felice
420 1454 617 1520 Mattianum
636 1446 815 1540 Capellam,
838 1476 933 1539 quem
956 1456 1043 1521 intra
1065 1477 1169 1520 annos
1193 1456 1262 1521 410
1287 1457 1323 1519 et
1341 1453 1385 1519 39
1409 1453 1529 1523 floruisse

294 1564 588 1629 demonstravimus
617 1563 736 1628 Annal.
764 1563 922 1649 philolog.
947 1564 1004 1647 93,
1028 1564 1093 1629 705
1110 1586 1195 1650 sqq„
1225 1584 1265 1627 ex
1297 1561 1530 1630 mendosissimis

294 1669 532 1754 exemplaribus
557 1671 761 1736 emendatum
786 1673 926 1735 testatur
944 1671 1152 1756 subscriptio.
1190 1668 1317 1735 Verum
1336 1691 1409 1733 cnm
1428 1676 1530 1736 constat

295 1782 328 1841 et
355 1776 512 1842 Macrobii
547 1782 579 1841 et
608 1776 713 1842 Boetii
747 1776 948 1861 aliorumque
981 1777 1105 1862 scripta
1136 1776 1301 1863 quaedam
1332 1781 1460 1842 centum
1482 1777 1529 1843 fers

294 1888 370 1969 post
397 1888 536 1948 mortem
565 1888 734 1949 auctorum
762 1896 818 1950 aut
845 1885 942 1950 etiam
971 1883 1161 1969 pauciorum
1191 1904 1355 1949 annorum
1382 1883 1529 1951 intervallo

295 1992 380 2055 lecta
402 1994 436 2054 et
458 1991 629 2056 emendata
653 2014 673 2057 a
693 1991 915 2076 grammaticis
935 1992 984 2055 vel
1002 1991 1114 2076 potius
1133 1990 1427 2077 grammaticorum
1446 1978 1528 2057 serie·

295 2099 336 2162 lis
365 2096 442 2161 viris
470 2097 634 2162 nobilibus
659 2095 714 2184 (cl.
736 2097 803 2163 Ian.
826 2098 847 2163 l.
871 2121 911 2163 m.
934 2120 987 2185 pg.
1009 2098 1073 2164 347
1090 2120 1152 2183 sq.;
1177 2095 1369 2183 354-r59),
1396 2119 1473 2181 quae
1491 2120 1529 2163 eur

296 2205 429 2290 gravius
457 2209 527 2270 tum
556 2205 713 2289 temporis
741 2204 869 2270 adfecta
896 2227 966 2270 esse
997 2208 1181 2270 statuamus
1205 2226 1276 2270 non
1300 2208 1366 2283 ost,
1391 2205 1530 2271 nonlicet

296 2313 465 2377 adfirmare
494 2313 603 2397 potius
632 2311 718 2397 quod
748 2311 910 2376 videretur
936 2300 1044 2396 egere
1059 2316 1245 2378 correctore
1271 2334 1370 2397 quam
1395 2312 1435 2377 ad
1455 2312 1530 2377 borsa

297 2419 458 2484 fallendas
483 2419 663 2484 subsicivae
687 2421 864 2484 tractatum
887 2417 1030 2483 Nonium
1053 2441 1073 2483 a
1096 2417 1230 2484 Sabino.

386 2524 486 2591 Cuius
510 2527 659 2612 equidem
683 2547 824 2610 operam,
848 2530 884 2590 ut
908 2547 1027 2603 eorum,
1051 2525 1198 2610 quitum
1216 2526 1380 2610 temporis
1397 2526 1431 2591 in
1447 2548 1530 2591 emen

297 2632 412 2698 dandis
435 2634 528 2699 libris
552 2634 663 2700 latinis
688 2634 807 2698 versati
832 2637 920 2715 sunt,
943 2635 1072 2698 tanturn
1096 2654 1165 2698 non
1189 2632 1352 2716 omnium,
1374 2632 1531 2699 substitisse

298 2741 330 2804 in
351 2741 447 2804 rebus
468 2741 611 2805 minimis
631 2738 867 2823 levissimisque
883 2743 923 2819 et,
939 2739 966 2803 si
981 2740 1142 2804 inveniret
1157 2740 1366 2823 corruptelas
1383 2741 1531 2826 graviores

298 2871 406 2911 eurum
435 2848 487 2911 vix
518 2850 614 2912 ullam
646 2849 685 2912 ab
714 2870 752 2913 eo
782 2849 945 2912 sublatam
973 2871 1037 2913 non
1064 2848 1160 2913 modo
1186 2847 1263 2912 inde
1288 2848 1446 2932 sequitur,
1465 2849 1529 2932 qnod

297 2957 388 3019 nullo
414 2956 534 3019 arixilio
559 2956 664 3019 alieno
690 2979 766 3020 usus
791 2955 973 3020 emendavit
992 2953 1134 3019 Nonium
1160 2953 1315 3039 quodque
1339 2956 1447 3019 eedem
1467 2979 1529 3020 anno

297 3064 374 3125 item
403 3063 471 3125 sine
502 3062 696 3145 antigrapho
722 3062 868 3126 Persium
898 3063 1089 3146 scriptorem
1118 3062 1354 3126 difficillimum
1378 3064 1529 3148 temptavit,

299 3169 352 3232 sed
385 3170 489 3253 magis
514 3191 552 3232 ex
577 3192 628 3246 c0,
657 3169 756 3253 quod,
784 3170 908 3233 utiam
933 3170 1070 3251 (lictum,
1095 3168 1207 3233 omnia
1231 3191 1335 3251 paene
1360 3169 1449 3247 vitia,
1468 3191 1528 3254 quae

298 3278 332 3339 in
357 3275 472 3339 ceteris
497 3276 595 3339 Nonii
621 3277 859 3361 exemplaribus
884 3279 1082 3360 comparent,
1106 3274 1321 3339 inveniuntur
1345 3277 1378 3340 in
1401 3278 1463 3342 illo.

387 3382 498 3466 Neque
532 3384 612 3446 satis
647 3388 795 3468 apparet,
827 3406 883 3447 eur
916 3383 1034 3446 dixerit
1066 3380 1209 3445 Sabinus
1244 3382 1437 3448 adnotatum
1466 3407 1528 3447 sse

300 3489 451 3553 Nonium.
498 3489 582 3554 Nam
612 3513 714 3575 neque
744 3494 895 3555 notarum
925 3490 1108 3553 criticarurn
1136 3488 1242 3578 ullum
1267 3490 1303 3553 in
1327 3489 1412 3554 libro
1434 3490 1528 3554 Mente

299 3598 471 3680 pessulano
508 3598 634 3660 videtur
666 3620 735 3661 csse
769 3596 941 3680 vestigium
975 3616 1033 3659 nee
1067 3595 1174 3677 magis
1208 3595 1419 3661 scholiorum.
1464 3596 1527 3661 Haec

298 3708 406 3766 rentem
432 3704 483 3767 vel
507 3704 565 3766 illu
590 3705 644 3786 qui
669 3704 801 3767 adderet
824 3703 885 3767 elici
910 3702 1036 3766 solebat
1060 3702 1180 3766 librum
1206 3703 1378 3770 adnotare.
1422 3704 1463 3769 ef.
1479 3704 1528 3768 lae

297 3811 318 3873 l.
343 3834 382 3874 nr.
407 3830 457 3893 pg.
481 3810 555 3874 370.
603 3809 670 3874 Nee
700 3833 775 3875 vero
800 3795 897 3893 siqua
917 3810 950 3872 in
975 3809 1122 3891 margine
1147 3808 1322 3894 archetypi
1348 3810 1484 3894 Noniani,
1500 3811 1528 3874 ds

298 3940 361 4000 quo
386 3917 498 3979 statim
523 3940 692 4001 exponam,
719 3918 808 3980 fuere
833 3915 1053 3980 additamenta
1078 3916 1118 3978 ab
1145 3906 1203 3981 illo
1230 3919 1395 4000 proficisci
1416 3926 1528 4005 potuere.

389 4024 553 4088 Hactenus
578 4024 616 4088 de
640 4024 724 4088 lulio
749 4023 878 4089 Sabino.

387 4130 458 4194 lam
479 4136 513 4194 ut
532 4136 640 4195 cetera
659 4156 842 4216 persequar,
862 4131 900 4194 de
921 4132 1086 4196 codicibus
1101 4129 1268 4196 Nonianis
1289 4134 1435 4218 pluribus
1448 4135 1525 4220 dispe·

298 4242 401 4300 tutum
427 4261 446 4300 a
465 4238 627 4303 liudovico
648 4240 775 4305 Haveto
800 4240 876 4304 libri
900 4240 940 4303 ab
960 4239 1000 4304 H.
1020 4238 1173 4323 Meylano
1193 4263 1223 4304 a.
1243 4240 1524 4308 MDCCCLmtl

298 4343 391 4427 editi,
421 4346 474 4428 qui
506 4347 680 4430 inscriptus
709 4352 760 4412 est
788 4346 932 4413 ‘Nonius
956 4346 1155 4431 Marcellus’,
1183 4368 1265 4434 pgg.
1293 4350 1358 4413 169
1374 4373 1437 4434 sqq.
1459 4351 1524 4412 -l

296 4473 360 4534 quo
386 4455 421 4515 ut
445 4454 603 4537 quaedam
623 4455 718 4519 nobis
743 4454 951 4539 suppeditata
972 4453 1233 4520 luculentissima
1253 4460 1287 4521 et
1309 4457 1478 4539 utilissima,
1494 4457 1524 4520 its

298 4580 458 4622 summam
482 4561 640 4625 rationem
666 4563 734 4625 eius
758 4563 897 4645 probare
920 4584 985 4627 non
1008 4585 1153 4646 possum.

386 4665 492 4750 Igitur
524 4669 802 4752 Merovingierurn
836 4674 982 4754 tempore
1013 4671 1048 4734 in
1074 4667 1197 4752 Gallia,
1232 4670 1286 4734 cui
1321 4676 1374 4735 tot
1402 4678 1431 4735 et
1458 4678 1523 4734 hun

296 4771 478 4835 litterarum
517 4775 692 4840 latinarum
732 4776 890 4840 debentur
927 4782 1148 4859 monumenta,
1187 4777 1254 4841 fuit
1290 4777 1390 4843 codex
1423 4775 1520 4862 quidm
