3164 5326
375 329 424 384 DE
443 330 666 386 RATIONIBVS
686 331 871 388 numerus
889 332 1010 390 HVIVS.
1257 336 1321 401 325

60 495 319 561 commentarius
338 494 459 560 iustum
481 497 648 561 excederet
664 518 801 580 morem3
822 498 995 582 aliquando
1010 504 1044 564 et
1057 503 1191 583 propter
1206 523 1320 566 causas

61 604 156 668 alias.
178 641 216 650 -
238 601 389 669 Ceterum
413 602 512 668 etiam
536 604 589 668 hie
613 607 650 668 ut
672 604 791 688 ubique
814 605 984 670 brevitatis
1007 606 1116 672 studio
1134 608 1222 673 ducti
1240 608 1321 673 illud

61 711 205 775 maxime
229 710 422 794 curavimus,
445 710 574 775 inutilia
596 733 636 776 ne
659 716 891 795 repeterentur.

156 817 220 882 Vbi
248 816 397 900 exempla
425 817 478 882 vel
507 839 546 881 ex
573 818 709 904 integris
738 819 898 905 hodieque
922 823 1072 904 excerpta
1095 824 1204 886 essent
1226 822 1319 887 libris

62 926 117 990 vel
147 925 189 989 ab
217 926 289 989 aliis
319 925 441 989 tradita
470 925 669 1008 auctoribus,
696 927 862 1010 graviores
887 927 1086 992 differentiae
1109 931 1219 993 textus
1247 952 1319 1014 pro·

60 1033 193 1118 positae
216 1036 344 1098 tantum
367 1054 433 1097 non
457 1053 568 1097 omnes
590 1031 764 1117 (quaedam
783 1035 817 1098 in
837 1033 1023 1119 Appendice
1043 1035 1196 1120 additae),
1219 1038 1319 1101 etiam

60 1141 203 1206 leviores
226 1140 415 1224 permultae,
438 1161 505 1204 non
528 1145 638 1204 tamen
662 1142 841 1224 universae,
864 1164 923 1208 nec
947 1143 1059 1208 eadem
1084 1145 1276 1208 constantia.

157 1246 226 1324 Qua
249 1248 283 1312 in
305 1270 340 1312 re
363 1247 427 1313 hoc
448 1247 642 1330 notandum,
666 1249 700 1312 in
724 1248 899 1313 referendis
923 1250 1116 1314 lectionibus
1141 1251 1239 1314 variis
1263 1251 1319 1315 ubi

61 1355 221 1438 auctoris,
249 1354 334 1438 apud
362 1377 456 1438 quem
485 1354 581 1418 etiam
611 1355 750 1420 habetur
778 1357 959 1440 exemplum
984 1356 1187 1435 Nonianum,
1213 1358 1317 1423 solum

60 1465 248 1547 apponatur
270 1481 402 1544 nomen,
431 1462 609 1544 significari
632 1462 806 1526 lectionem
830 1463 896 1527 fere
921 1468 954 1527 et
977 1463 1136 1528 librorum
1160 1484 1318 1528 consensu

62 1574 97 1635 et
120 1568 246 1634 ratione
269 1569 396 1633 firmam
422 1574 621 1654 certamque,
648 1569 703 1633 ubi
727 1569 873 1634 codicum
898 1571 993 1635 simul
1016 1571 1168 1637 iniciatur
1187 1572 1319 1654 mentio,

60 1675 195 1761 saepius
218 1675 354 1740 indicari
377 1676 510 1741 dubium
535 1697 604 1741 esse
628 1678 737 1740 utrum
760 1676 842 1742 haec
860 1677 993 1742 traditio
1013 1701 1055 1743 an
1074 1700 1112 1743 ee
1130 1700 1212 1761 quae
1232 1678 1316 1763 apud

61 1783 208 1850 Nonium
231 1782 416 1847 inveniatur
439 1784 483 1849 sit
504 1782 723 1868 praeferenda.

153 1891 301 1974 Denique
329 1890 414 1974 quod
443 1891 483 1956 ad
512 1891 639 1973 titulos,
666 1894 794 1974 praeter
822 1892 1072 1957 commentarios
1095 1892 1316 1975 respiciendus

61 2001 114 2066 vel
140 1999 279 2063 maxime
302 1996 403 2064 Index
426 1996 469 2063 II.

153 2107 214 2170 Ita
240 2128 323 2170 cum
352 2107 414 2170 via
442 2110 545 2171 esset
571 2105 720 2170 munita
744 2107 905 2171 criticae
928 2107 1183 2190 factitandae,
1207 2130 1317 2192 expe·

59 2214 157 2279 ditis
184 2234 280 2299 quae
310 2212 498 2279 librorum
527 2213 763 2297 scriptorum
787 2214 934 2279 auxilio
958 2220 1122 2298 possent
1143 2215 1316 2298 restitui,

58 2322 136 2387 iam
161 2322 204 2386 ad
228 2321 398 2386 relicuas
421 2321 666 2406 corruptelas
691 2322 889 2406 applicare
913 2322 1111 2405 coepimus
1141 2322 1316 2386 animum.

65 2466 105 2476 —
133 2430 182 2493 Ac
208 2426 349 2529 primum
377 2428 504 2514 quidem
532 2427 734 2511 respicienda
758 2433 851 2493 erant
874 2434 906 2493 et
929 2427 1133 2492 diiudicanda
1157 2449 1315 2513 gramma·

59 2536 199 2601 ticorum
227 2534 301 2599 inde
329 2556 348 2597 a
377 2557 459 2600 saec.
482 2533 543 2599 XV
571 2539 763 2600 commenta.
809 2534 898 2611 Quae
926 2558 1003 2620 pars
1032 2556 1148 2619 operae
1177 2541 1210 2600 et
1234 2535 1315 2600 diffi-

59 2643 184 2709 cillima
208 2643 305 2727 longe
329 2640 390 2705 fuit
414 2647 447 2706 et
470 2641 734 2706 laboriosissima.
771 2640 821 2706 Ac
843 2643 952 2706 neseio
977 2664 1019 2707 an
1042 2643 1133 2706 nulla
1153 2665 1188 2707 re
1208 2646 1314 2729 magis

59 2749 302 2814 demonstretur
329 2749 478 2833 propitiis
508 2747 557 2811 dis
587 2771 627 2812 an
653 2749 746 2813 111111
770 2748 913 2813 facessas
938 2749 1083 2813 criticam
1107 2771 1205 2832 quam
1228 2756 1315 2816 reete

60 2859 129 2923 sive
149 2878 241 2921 secus
261 2857 443 2921 aestimatis
462 2855 598 2920 aliorum
618 2853 820 2920 coniecturis.
857 2853 988 2919 Scilicet
1007 2855 1048 2919 ad
1067 2877 1135 2919 rem
1154 2879 1313 2922 summam

58 2984 327 3047 communemque
357 2962 496 3027 salutem
524 2984 590 3026 non
617 2963 722 3046 magis
750 2984 847 3046 quam
875 2961 916 3027 ad
944 2962 1135 3046 quisquilias
1164 2967 1196 3026 et
1224 2965 1312 3029 vent'

57 3070 175 3155 spolia,
198 3070 232 3134 in
256 3069 374 3153 quibus
397 3090 457 3133 nos
481 3090 657 3153 versamur,
680 3068 823 3152 pertinet
846 3067 941 3133 illud:

273 3199 329 3236 non
348 3180 441 3235 minor
459 3183 501 3236 est
520 3181 608 3236 virtus
628 3197 712 3248 quam
732 3197 865 3249 quaerere
887 3183 968 3250 parta
986 3181 1072 3249 tueri3

57 3306 162 3369 eoque
191 3283 310 3369 magis,
338 3303 400 3367 quo
428 3283 521 3366 plura
549 3282 584 3345 in
613 3283 756 3366 antiquis
780 3283 992 3367 scriptoribus
1015 3284 1113 3369 longo
1137 3285 1314 3350 multorum

57 3392 262 3457 saeculorum
286 3412 347 3454 usu
370 3388 458 3454 tritis
482 3411 501 3452 a
525 3389 748 3472 grammaticis
772 3392 848 3454 sunt
870 3394 1039 3474 temptata.
1097 3390 1101 3400 '
1355 3478 1357 3482 Ι

148 3497 269 3583 Igitur,
297 3517 361 3580 quo
390 3496 501 3579 paucis
531 3496 690 3560 declarem
714 3496 858 3561 rationes
881 3501 1026 3581 nostras,
1054 3501 1091 3562 ut
1115 3497 1313 3565 Ribbeckius

57 3612 90 3671 et
121 3605 248 3669 ltiesius
278 3603 395 3669 merito
424 3604 661 3688 vituperantur,
690 3603 773 3686 quod
802 3603 919 3669 divinis
949 3625 1031 3670 saec.
1059 3603 1138 3670 XVI
1161 3610 1195 3670 et
1218 3605 1313 3672 XVII
1394 3677 1398 3686 ,

56 3713 245 3778 criticorum
265 3712 406 3776 inventis
427 3732 522 3795 saepe
540 3710 1073 3795 praetuleruntcondiscipulorum
1088 3712 1312 3778 familiarium-

57 3842 121 3905 que
154 3840 285 3884 suorum
313 3823 496 3884 commenta
524 3818 716 3902 vanissima,
747 3817 796 3882 ita
823 3817 1047 3902 ponderandas
1076 3820 1185 3903 potius
1214 3842 1312 3905 quam

56 3927 273 3992 numerandas
302 3926 471 3991 doctorum
500 3925 754 3991 existimationes
782 3947 842 3991 nec
866 3926 1022 3990 memoria
1045 3925 1225 4011 dignandas
1248 3929 1312 3994 nisi

57 4058 113 4101 eas
140 4056 221 4119 quae
245 4037 314 4099 arte
338 4038 372 4098 et
394 4029 520 4098 ratione
545 4037 668 4097 starent
692 4032 950 4118 omnitempore
973 4033 1217 4099 affirmavimus.
1262 4035 1312 4101 De

57 4164 122 4227 quo
150 4142 298 4225 pluribus
326 4141 509 4225 expositum
539 4142 573 4205 in
596 4140 747 4225 Phaedri,
776 4164 852 4206 mox
876 4141 910 4204 in
933 4140 1033 4205 Ennii
1057 4142 1311 4227 prolegomenis3

57 4250 207 4333 viamque
230 4253 377 4314 nostram
398 4271 417 4313 a
436 4249 548 4313 multis
568 4248 741 4332 probatam
760 4270 825 4312 non
846 4248 1050 4313 mediocriter
1069 4249 1209 4314 laetatus
1229 4274 1310 4317 sum.

19 4428 26 4439 Ι
56 4357 219 4440 Receptae
241 4360 351 4420 tamen
375 4360 451 4421 sunt
474 4356 506 4420 in
532 4356 783 4420 commentarios
806 4355 904 4420 hosce
924 4355 1090 4440 aliquanto
1109 4356 1219 4440 plures
1238 4380 1311 4422 con·

56 4466 213 4547 iacturae,
241 4486 338 4547 quam
365 4465 400 4527 in
427 4462 603 4528 Ennianos.
648 4463 739 4528 Inter
768 4485 848 4546 quas
877 4463 975 4528 etiam
1005 4464 1126 4528 relatae
1152 4466 1310 4548 quaedam

58 4570 225 4655 speciosae
249 4569 423 4654 eademque
448 4569 560 4654 falsae,
585 4568 641 4633 sed
664 4590 730 4634 non
753 4567 822 4632 sine
844 4573 929 4634 nota.
957 4608 993 4616 -
1020 4572 1128 4655 Atque
1152 4572 1309 4636 hactenus

56 4677 345 4762 optemperandum
368 4677 480 4742 censui
502 4675 670 4741 desideriis
690 4675 821 4758 Iosephi
841 4674 1004 4761 Schebori,
1027 4679 1170 4762 collegae
1190 4679 1308 4743 doctis-

54 4787 143 4869 simi,
176 4785 232 4870 qui
261 4785 297 4849 in
326 4786 406 4849 actis
434 4784 607 4850 ministerii
635 4781 850 4848 institutionis
873 4783 1020 4867 publicae
1049 4785 1191 4868 Rossici,
1223 4807 1306 4868 quae
