3164 5326
486 305 533 359 Db
552 305 780 361 INDISCRE'I'IS
800 306 1015 367 GENERIBVS.
1043 308 1091 366 III.
1346 312 1411 376 279

1344 406 1372 446 so
1385 406 1417 446 Μ.

756 652 820 726 ΠΙ.

705 845 868 913 INCIPIT

441 1010 505 1083 DE
532 1010 834 1085 INDISORETIS
862 1011 1134 1086 GENERIBVS

649 1165 721 1220 eun
739 1165 925 1222 nonusis.

492 1326 660 1395 INCIPIT
683 1328 769 1394 Pus
793 1331 822 1395 A
846 1329 1082 1407 LITTERAM.

251 1467 468 1520 susluosnvs
505 1455 634 1540 generis
672 1455 860 1541 masculini,
896 1460 933 1520 ut
969 1460 1049 1542 aput
1086 1459 1214 1525 multos.
1245 1459 1257 1543 ΙΙ
1286 1458 1412 1527 Neutri.

167 1555 298 1623 Plautus
318 1558 515 1626 Cistellaria:

321 1698 392 1751 quae
411 1682 490 1752 qussi
509 1684 647 1739 carnificis
665 1683 815 1754 tugiporta
832 1684 975 1755 purigans.

132 1799 155 1846 ¹0
251 1789 308 1871 [M.
314 1791 439 1857 Tullius
449 1793 488 1858 de
497 1793 705 1859 Divinatione
718 1795 808 1880 augi
815 1817 836 1879 p
845 1800 928 1860 orte
940 1795 1043 1877 dixit]
1060 1796 1230 1863 Terentius
1239 1797 1407 1886 Adelphis:

320 1914 350 1969 id
369 1915 480 1984 quidem
500 1914 680 1986 sugipbrtum
699 1934 755 1972 non
773 1921 817 1973 est
836 1918 970 1988 pervium.

250 2024 334 2089 idem
360 2027 421 2108 [in]
445 2026 617 2092 Eunucho:

319 2148 348 2202 iu
367 2148 546 2219 ingipoitum
564 2150 705 2220 qubddsm
725 2151 865 2205 desertum
887 2191 938 2205 ...

180 2273 373 2286 —---..-.-.-

251 2368 266 2416 8
285 2361 402 2416 Plautus
422 2362 602 2434 Cistellarisl
619 2371 651 2419 10
669 2366 690 2431 I,
710 2369 752 2432 32,
773 2370 806 2420 69
821 2367 830 2436 n
846 2372 878 2420 10
897 2365 945 2434 IV,
964 2373 990 2436 2,
1008 2368 1066 2436 39l
1084 2372 1114 2420 12
1134 2365 1167 2435 V,
1187 2371 1213 2435 2,
1233 2373 1257 2422 6.

250 2578 374 2634 Rimum
396 2580 446 2635 boe
467 2581 503 2635 ab
521 2580 595 2635 Aldo
617 2597 644 2634 a.
669 2583 741 2635 1513
764 2580 890 2635 additum
912 2581 1031 2652 culpatis
1053 2582 1254 2652 exernplan'bue
1277 2588 1361 2653 caput
1384 2590 1409 2639 et

179 2656 267 2722 qudem
289 2676 322 2713 en
345 2661 425 2715 libeis
449 2659 566 2716 Gallicis
589 2661 645 2715 iam
668 2662 700 2714 in
726 2659 834 2730 Quaest.
860 2660 985 2716 Nonian.
1008 2668 1046 2717 est
1069 2663 1239 2716 adnotatum.
1265 2694 1296 2704 -
1320 2665 1407 2718 solum

179 2740 238 2791 mu
253 2739 284 2793 in
300 2739 391 2794 codice
406 2739 535 2794 Vrbinati
552 2744 615 2795 308.
631 2770 666 2780 -
680 2741 780 2810 quibus
794 2742 967 2810 potissimum
984 2742 1108 2807 sontibus
1121 2758 1188 2796 usus
1201 2757 1256 2798 esee
1270 2744 1407 2799 videmur

181 2822 269 2888 emor,
285 2821 349 2874 item
366 2821 398 2873 in
414 2818 615 2891 Prolepomenie
632 2821 792 2889 expositum.
820 2822 869 2891 qui
887 2822 918 2875 in
936 2822 1092 2890 frequentia
1109 2822 1150 2875 oei
1167 2822 1283 2877 raritate
1301 2825 1407 2892 peneris

180 2899 330 2954 uninomia
348 2917 414 2955 suae
432 2903 548 2956 manime
566 2902 664 2956 aetatis
682 2901 793 2969 respicit
811 2917 900 2968 usum,
920 2903 966 2956 cui
983 2903 1091 2971 quidem
1106 2903 1215 2970 saepius
1227 2918 1329 2970 parum
1343 2919 1405 2957 con-

180 2980 282 3034 ueniebat
304 2998 365 3035 cum
387 2986 474 3036 aetate
496 2983 607 3050 optimo.
630 3012 659 3019 —
680 2998 764 3049 neque
782 2983 916 3050 propriae
938 2983 1017 3036 illum
1039 2983 1180 3036 socordiae
1202 2983 1233 3034 in
1256 2983 1308 3037 bac
1325 2988 1407 3052 parte

179 3061 249 3124 operis
270 3061 384 3115 oblitum
406 3062 467 3116 iure
485 3060 679 3116 animadvertit
700 3061 848 3116 Mercerus.
864 3092 897 3101 -
913 3078 999 3131 porro
1017 3063 1094 3117 baud
1111 3063 1258 3133 indipnum
1276 3065 1406 3118 memoria

178 3140 269 3206 umine
288 3142 332 3195 bic
350 3159 431 3209 quarn
446 3144 477 3196 in
490 3144 600 3197 relicuis
614 3142 753 3210 capitibus
766 3144 825 3196 sola
838 3147 981 3196 auctorum
995 3145 1109 3196 nomina
1122 3144 1256 3212 praeponi
1269 3145 1405 3212 enernplie.

178 3245 203 3256 -
218 3221 327 3290 deniqne
345 3220 452 3276 Lucilii
471 3223 536 3276 libri
554 3224 602 3290 qui
619 3228 685 3277 sunt
703 3239 721 3275 a
742 3221 857 3275 XXVI
873 3222 911 3275 ad
929 3221 1046 3275 XXIX
1063 3239 1137 3287 raro,
1158 3224 1310 3277 tricesimus
1327 3241 1405 3277 narn-

177 3313 241 3365 qeen
258 3302 406 3356 adhibitae.
422 3332 454 3342 -
469 3301 488 3355 e
502 3302 605 3371 Incipit
619 3321 653 3356 m.
667 3306 686 3355 2
701 3302 765 3356 aoid.
780 3301 818 3357 Η.
835 3332 868 3341 -
884 3300 901 3355 b
912 3305 975 3369 post
989 3302 1060 3355 illud
1073 3318 1124 3371 per
1137 3300 1246 3355 litteras
1260 3303 1405 3371 etquidem

175 3382 272 3448 proprio
298 3397 378 3435 versu
405 3381 540 3436 subicitur
562 3381 603 3454 Η,
634 3384 662 3436 id
686 3384 737 3436 est.
761 3413 795 3422 -
819 3383 838 3436 s
861 3381 963 3451 incipit
986 3381 1043 3450 ΗΠ·
1067 3382 1117 3435 del.
1136 3398 1170 3435 m.
1194 3384 1228 3449 2;
1250 3381 1280 3434 id
1304 3385 1348 3436 est
1369 3381 1405 3448 L,

175 3456 208 3526 G;
227 3462 261 3527 ef.
288 3478 383 3530 supra
408 3493 441 3502 -
467 3462 481 3516 7
511 3461 682 3533 Angiportus
706 3462 815 3533 generis
843 3459 989 3516 masculini
1010 3493 1043 3502 -
1066 3461 1174 3516 Neutri.
1212 3479 1271 3516 cum
1299 3464 1406 3531 duplici

175 3541 238 3593 nodo
259 3559 385 3613 perieram
408 3543 552 3597 diversitas
574 3543 729 3614 sipnifieari
751 3544 834 3598 soleat
857 3544 888 3597 in
910 3544 959 3597 boc
982 3545 1085 3612 eapite,
1110 3550 1160 3598 ant
1178 3545 1233 3608 ita,
1251 3548 1282 3596 ut
1300 3544 1405 3610 sactum

172 3617 192 3671 b
215 3622 244 3685 l,
271 3628 320 3674 aret
348 3624 446 3677 addito
473 3625 560 3677 ultera
583 3625 701 3678 asininis
723 3626 827 3691 forma,
855 3631 886 3678 ut
905 3630 991 3692 puta:
1016 3623 1101 3676 Artue
1124 3620 1279 3676 masculino
1302 3639 1404 3691 genere

173 3701 334 3768 appellamus
360 3733 391 3742 -
412 3704 500 3756 Artos
529 3707 640 3770 neutro,
668 3704 740 3757 brine
762 3721 781 3757 o
804 3705 928 3759 librariis
948 3709 1016 3772 puto
1040 3706 1187 3770 invectum,
1215 3704 1294 3756 illum
1316 3704 1405 3771 ipsius

173 3778 256 3836 Nonii.
293 3783 326 3837 de
347 3799 400 3851 quo
418 3789 507 3837 tonus
525 3785 569 3837 bie
588 3785 723 3837 monuisse
740 3787 808 3837 sotis
825 3785 921 3837 uisum.
944 3813 976 3821 -
992 3788 1134 3850 praeterea
1153 3798 1214 3835 curn
1231 3783 1309 3836 modo
1327 3800 1403 3851 pene·

171 3864 226 3931 lieo,
244 3867 321 3919 modo
340 3866 460 3919 ablativo
477 3881 604 3934 penerum
622 3865 779 3930 differentia
797 3865 943 3928 initientur,
957 3868 1021 3931 post
1040 3864 1118 3916 illum
1132 3867 1267 3931 punctum
1281 3865 1404 3931 positum

170 3947 281 4013 anobis,
298 3945 343 3999 bie
361 3961 421 3997 cum
440 3945 573 4012 sequentis
591 3946 699 3996 nomine
720 3945 841 3998 auctoris
859 3945 1028 3997 coniunctus.
1057 3959 1219 4012 quamquam
1241 3948 1303 3995 utro
1317 3945 1405 4011 inopis

169 4039 224 4077 caea
247 4042 325 4079 eoum
344 4041 398 4078 esse
416 4026 551 4078 eaistimes
570 4024 694 4078 Noenum
712 4025 791 4079 cratete
809 4026 955 4090 incertum,
980 4041 1040 4078 enm
1058 4026 1089 4076 in
1108 4024 1253 4093 archetypo
1272 4023 1403 4076 librorum

168 4105 208 4171 qui
224 4111 317 4159 extant
335 4122 462 4176 yenerum
480 4106 615 4158 notionem
626 4106 786 4174 pierumque
797 4122 847 4174 per
861 4106 1047 4174 compendium
1061 4106 1192 4171 scriptam
1205 4105 1241 4157 sit
1250 4103 1402 4171 probabile.

170 4214 194 4222 -
214 4185 228 4237 i
247 4186 321 4253 apud
338 4185 418 4254 Cpr.
438 4184 484 4254 111.
500 4216 532 4225 -
552 4185 732 4253 banciportu
749 4186 798 4255 L„
816 4191 847 4239 ut
864 4187 936 4253 cid.,·
953 4186 991 4239 id.
1010 4202 1044 4238 m.
1064 4188 1083 4238 2
1102 4183 1259 4251 angiportu.
1275 4213 1308 4221 -
1328 4182 1403 4250 puri-

167 4281 239 4330 ποις
268 4266 302 4330 cf.
327 4264 455 4319 Ritsebel.
481 4265 577 4334 Opusc.
603 4266 655 4332 II,
680 4269 747 4331 433,
774 4268 823 4334 qui
849 4267 942 4320 docuit
972 4265 1153 4332 improbanda
1176 4263 1226 4317 ilia
1249 4261 1403 4331 purgiture,

165 4343 316 4414 elangitare
334 4347 371 4409 (v.
390 4344 501 4399 Lacbm.
522 4346 559 4399 ad
578 4346 660 4399 Lucr.
679 4345 710 4411 V,
728 4349 810 4413 946);
830 4345 974 4413 purgituus
995 4344 1029 4411 G,
1048 4344 1094 4411 II‚·
1112 4342 1265 4412 purgitaris
1283 4340 1317 4396 L.
1333 4344 1401 4410 -fi

163 4425 328 4479 scribendum
351 4424 475 4494 purigss.
496 4456 527 4464 -
549 4424 586 4479 lo
604 4443 636 4479 ea
655 4442 724 4493 puae
741 4432 806 4479 sunt
824 4424 860 4479 M.
880 4423 988 4477 Tullius
1009 4454 1039 4462 -
1061 4422 1133 4476 dixit
1150 4429 1182 4476 ut
1200 4424 1235 4477 ab
1254 4423 1402 4491 interpola·

163 4512 212 4558 tore
229 4505 327 4558 addila
346 4505 405 4558 scel.
426 4504 465 4559 M.
483 4535 514 4543 -
535 4524 579 4574 op.
601 4507 655 4559 Cic.
676 4507 775 4575 lepitnr
794 4507 865 4559 illud
883 4504 943 4557 vias
963 4503 1050 4557 curnis
1066 4502 1292 4571 angiportusque.
1318 4520 1402 4572 neque

162 4586 224 4638 abbi
246 4587 303 4639 nisi
326 4585 404 4638 sinnel
428 4587 458 4638 in
481 4587 569 4654 capite
592 4591 691 4654 quarto
714 4587 792 4640 libris
815 4587 848 4640 de
869 4584 1040 4637 divinatione
1064 4598 1131 4635 ustie
1153 4582 1190 4635 N.
1212 4613 1244 4620 —
1265 4584 1341 4647 I'cr.;
1365 4584 1400 4649 cf.

162 4664 240 4718 nuc.
262 4682 293 4732 p.
318 4669 379 4718 714.
400 4696 430 4704 —
451 4666 555 4720 Adclfis
579 4666 607 4720 0.
629 4697 661 4705 -
683 4666 716 4719 ll
742 4667 820 4734 itque
843 4665 916 4718 idem
940 4664 994 4733 L1;
1016 4661 1099 4731 idque
1123 4661 1198 4716 idcm
1223 4663 1275 4732 L„
1294 4662 1346 4732 ΗΓ
1368 4694 1400 4703 -

160 4758 198 4799 est
216 4744 346 4814 porcium
367 4744 408 4813 G;
427 4751 470 4799 cet
487 4749 599 4815 portum
619 4747 651 4799 L.
672 4777 704 4785 -
726 4746 762 4799 12
782 4746 907 4800 eunocho
927 4743 965 4797 Η.
986 4774 1016 4782 -
1039 4742 1076 4797 ls
1094 4741 1216 4812 quodem
1234 4742 1269 4798 L.
