3164 5326
445 365 494 420 DE
514 363 602 420 VITA
620 365 725 422 NONII
744 365 936 423 MARCELLI.
1254 368 1321 431 245

157 531 202 596 At
222 530 269 594 IV
294 530 415 595 saeculi
438 530 498 595 sub
523 502 619 594 finem
643 531 694 594 vel
717 532 881 614 incapite
905 533 1032 616 imperii
1057 536 1179 617 quanta
1201 533 1321 598 fuerint

63 644 98 703 et
118 638 351 722 antiquitatum
368 637 587 703 Romanarum
606 643 639 703 et
658 639 763 703 omnis
782 639 889 703 cultus
909 639 1103 704 liberalioris
1124 641 1248 704 incuria
1265 641 1319 724 qui

63 768 99 810 se
123 746 236 810 doctos
262 745 360 809 videri
384 745 515 827 vellent,
539 767 578 809 ex
603 742 766 809 Ammiani
790 745 938 809 historiis
962 750 1084 811 notum.

156 853 257 918 Porro
281 874 375 937 quem
400 853 566 917 Ausonius
590 875 687 917 carm.
710 851 820 916 XVIII
847 851 936 918 Prof.
960 853 1126 935 Burdigal.
1150 854 1229 918 dicit
1251 855 1320 918 vita

62 982 209 1045 pravum,
233 959 349 1023 studiis
369 960 534 1043 pertenuis
553 960 660 1024 meriti
679 960 927 1045 grammaticum
946 960 1147 1044 Marcellum,
1165 961 1319 1026 Marcello

61 1069 225 1153 genitum,
253 1067 392 1131 alienum
421 1088 491 1130 esse
519 1089 539 1129 a
562 1066 669 1131 Nonio
699 1067 776 1131 olim
807 1072 858 1131 est
880 1068 1091 1133 intellectum.
1138 1070 1209 1145 Quo
1233 1070 1318 1134 enim

60 1180 160 1258 pacto
190 1174 298 1259 potuit
327 1176 440 1237 auctor
467 1177 535 1238 tam
564 1174 655 1257 longi
679 1177 713 1238 et
734 1195 793 1256 pro
818 1173 883 1238 illis
907 1173 1109 1258 temporibus
1134 1176 1256 1258 copiosi
1281 1198 1319 1240 ac

61 1280 151 1344 docti
176 1281 250 1344 libri
274 1284 343 1343 tam
367 1280 485 1363 exiguo
505 1279 582 1362 poni
601 1268 641 1345 ab
660 1280 708 1344 illi
727 1280 823 1345 Ioco?
845 1278 960 1366 Neque
978 1284 1105 1344 tantum
1124 1281 1319 1345 hebetudine

61 1386 216 1471 aequales
245 1385 429 1451 Theodosio
458 1388 691 1470 grammaticos
719 1387 898 1471 superabat
925 1386 1065 1470 Nonius,
1094 1392 1131 1451 ut
1158 1386 1231 1452 ideo
1260 1388 1317 1451 tali

62 1492 202 1558 Ausonii
228 1492 359 1557 fastidio
383 1498 469 1557 esset
492 1493 619 1579 dignus.

152 1600 281 1685 Itaque,
296 1604 340 1664 ut
364 1601 491 1665 redeam
515 1602 549 1665 in
572 1602 674 1684 viam,
697 1601 867 1685 probabile
891 1606 942 1666 est
966 1600 1167 1683 Herculium,
1191 1602 1229 1665 de
1253 1625 1317 1685 quo

60 1730 163 1792 supra
195 1707 385 1789 memoravi,
418 1729 482 1771 non
515 1707 614 1772 fnisse
648 1708 912 1792 grammaticum,
944 1708 983 1772 de
1012 1730 1076 1791 quo
1105 1709 1228 1794 agitur,
1261 1708 1316 1772 sed

60 1814 166 1879 filium
203 1817 281 1880 eius.
331 1814 393 1890 Qui
429 1815 455 1878 si
488 1814 557 1898 ipse
591 1814 653 1878 hoc
686 1815 879 1898 cognomine
912 1820 998 1879 esset
1030 1837 1122 1898 usus,
1158 1839 1223 1899 qua
1255 1816 1317 1879 fuit

60 1920 227 2003 iactantia,
251 1922 283 1986 id
306 1922 341 1985 in
365 1921 463 1985 titulo
487 1921 594 2005 operis
618 1943 683 1985 non
707 1919 987 2003 praetermisisset.

152 2028 276 2104 Quodsi
308 2028 478 2111 inscriptio
510 2026 569 2091 illa
602 2028 744 2112 pertinet
773 2027 814 2092 ad
843 2027 945 2091 tilium
976 2027 1196 2112 grammatici,
1229 2027 1314 2092 hunc

58 2135 229 2219 probabile
253 2140 303 2200 est
325 2135 406 2199 satis
430 2135 528 2198 scrisse
553 2135 695 2200 divitem.
736 2134 804 2199 Nec
830 2154 904 2198 vero
928 2134 1004 2198 licet
1028 2134 1128 2198 stulto
1155 2135 1314 2217 cuiquam,

55 2241 180 2306 nedum
205 2239 322 2327 Nonio,
345 2264 416 2306 esse
440 2246 586 2325 pauperi.

149 2347 301 2414 Ceterum
318 2347 457 2432 Nonius,
480 2353 517 2412 ut
538 2348 645 2413 solent
664 2371 791 2413 summa
809 2349 951 2432 ingenia,
975 2371 1039 2415 non
1059 2372 1124 2412 una
1143 2353 1314 2414 contentus

56 2457 123 2521 fuit
142 2456 322 2541 disciplina,
346 2454 401 2518 sed
421 2458 595 2539 antequam
615 2455 849 2541 grammaticae
868 2478 1001 2540 operam
1021 2455 1121 2538 daret,
1140 2457 1315 2540 capessivIt

56 2562 312 2647 philosophiam.
357 2560 442 2625 Nam
477 2562 726 2645 peripateticum
759 2567 793 2626 et
824 2562 926 2626 fuisse
959 2585 992 2626 se
1021 2566 1054 2626 et
1082 2562 1144 2626 dici
1173 2562 1314 2628 voluisse

56 2675 200 2736 testatur
231 2671 305 2735 libri
339 2670 388 2733 sui
420 2668 645 2753 inscriptione;
679 2669 764 2734 sicut
792 2669 890 2733 etiam
922 2669 1116 2753 Appuleius,
1147 2671 1312 2753 popularis

55 2778 137 2859 eius,
155 2777 312 2860 platonici
327 2799 361 2840 se
376 2775 510 2841 iactavit
525 2776 727 2859 cognomine.
759 2774 866 2861 Atque
880 2775 976 2841 buius
992 2775 1159 2840 doctrinae
1175 2776 1313 2861 vestigia

56 2884 220 2970 quaedam
247 2887 357 2947 extare
381 2884 414 2946 in
437 2903 506 2964 cap.
531 2880 605 2965 XII,
629 2881 685 2946 ubi
709 2882 897 2947 adversatus
921 2882 1039 2948 Stoicis
1063 2885 1167 2948 fatum
1192 2886 1311 2949 mutari

57 3014 125 3055 non
149 3013 246 3074 posse
269 2994 368 3075 negat
391 2989 454 3073 ille,
479 2989 606 3053 monuit
630 2988 842 3064 Quicheratus
867 2986 982 3075 (praef.
1006 3010 1059 3074 pg.
1083 2987 1156 3074 VI).

145 3097 320 3162 Praeterea
339 3097 442 3159 editae
461 3117 480 3158 a
494 3095 525 3158 N
527 3096 603 3159 onio
618 3095 789 3179 Epistulae
804 3095 843 3159 de
857 3097 1093 3181 peregrinando
1109 3118 1128 3159 a
1142 3097 1312 3181 doctrinis;

55 3205 176 3291 quibus
205 3206 427 3286 contemptum
454 3202 637 3267 studiorum
661 3204 864 3286 frequentem
889 3204 940 3268 vel
964 3205 1104 3268 maxime
1128 3208 1233 3268 aetate
1256 3204 1313 3268 illa

55 3313 257 3378 concedente
280 3311 400 3376 sensim
425 3311 457 3373 in
480 3310 666 3374 barbariem
691 3331 805 3395 genere
830 3311 972 3376 humano
996 3311 1181 3396 castigavIt.

145 3417 465 3503 compendiosam
492 3423 599 3482 antem
624 3440 721 3501 quam
746 3416 878 3501 scripsit
901 3417 1116 3482 doctrinam
1140 3417 1228 3482 filio
1248 3419 1311 3502 pri·

55 3549 146 3591 mum
176 3525 367 3603 destinavit,
395 3526 518 3589 scilicet
546 3531 582 3590 nt
609 3525 637 3589 is
666 3546 765 3609 purus
793 3530 890 3609 putus
919 3527 1010 3589 fieret
1032 3524 1158 3590 Nonius
1186 3547 1266 3590 neve
1291 3550 1310 3591 a

56 3638 150 3718 patre
179 3632 397 3717 degeneraret.
444 3631 507 3707 Qui
535 3634 563 3696 si
591 3633 674 3696 idem
704 3632 767 3695 fuit
790 3637 886 3715 atque
911 3630 1083 3697 Herculius
1106 3632 1176 3715 ille,
1201 3639 1308 3697 utrum

55 3739 118 3804 boc
146 3759 326 3824 cognomen
355 3738 514 3802 addiderit
537 3740 564 3801 ei
590 3738 718 3822 genitor
742 3736 940 3802 conscientia
964 3737 1199 3822 modestiaque,
1224 3740 1309 3823 quod

54 3846 258 3931 praesagiret
285 3845 393 3909 animo
422 3845 463 3909 ad
489 3867 612 3909 errores
636 3845 840 3928 ineptiasque
864 3843 1120 3928 Compendiosae
1144 3846 1309 3911 doctrinae

54 3952 245 4018 eluctandae
279 3953 366 4016 velut
399 3951 538 4016 Hercule
571 3953 710 4036 quodam
744 3952 814 4016 fore
847 3975 942 4036 opus,
975 3975 1017 4017 an
1052 3954 1240 4036 arrogantia
1272 3976 1309 4018 ac

54 4062 217 4140 vanitate,
241 4080 322 4140 quae
346 4058 478 4142 propria
501 4064 552 4122 est
574 4058 732 4122 malorum
758 4060 1045 4141 grammaticorum
1070 4059 1309 4144 plurimumque

56 4168 167 4231 differt
200 4189 218 4230 a
250 4164 366 4230 fiducia
398 4167 455 4231 illa
488 4165 714 4248 superbiaque,
752 4188 849 4248 quam
881 4187 947 4229 nou
983 4167 1059 4230 licet
1092 4166 1212 4249 acquiri
1246 4166 1309 4229 nisi

54 4275 193 4357 meritis,
215 4271 300 4336 haud
323 4272 418 4337 facile
442 4274 583 4338 definias.

144 4379 280 4444 Relicua
303 4401 341 4443 ex
364 4379 464 4445 Nonii
488 4382 558 4445 vita
580 4380 713 4443 incerta.
762 4376 873 4461 Neque
900 4382 1037 4461 apparet
1060 4378 1142 4442 unde
1167 4399 1309 4461 comper·

52 4495 124 4553 tum
150 4485 299 4551 habuerit
317 4484 515 4571 Pomponius
536 4486 664 4568 Laetus,
687 4485 771 4568 quod
798 4484 877 4549 dicit
900 4485 933 4548 in
959 4485 1145 4568 prohoemio
1165 4483 1308 4550 Nonium

51 4597 86 4662 iu
110 4599 185 4680 ipso
209 4592 324 4656 itinere
347 4593 432 4658 diem
456 4594 573 4659 obisse.
620 4591 704 4655 Nam
729 4614 770 4655 ne
794 4591 832 4655 de
852 4593 967 4655 itinere
987 4593 1115 4677 quidem
1136 4593 1201 4656 ullo
1220 4592 1308 4657 illins

51 4705 119 4768 iam
137 4703 272 4765 constat
286 4701 456 4766 emendato
471 4706 584 4765 nostra
601 4721 699 4783 opera
713 4697 940 4788 Epistularum
954 4700 1022 4762 eius
1037 4699 1142 4764 titulo.
1161 4736 1194 4744 -
1216 4700 1307 4764 Anti·

50 4830 165 4896 cyram
184 4807 273 4872 certe
292 4826 467 4891 numquam
487 4809 527 4871 ab
547 4829 585 4871 ec
605 4808 738 4891 petitam
759 4807 848 4871 omni
869 4807 1004 4891 pignore
1019 4810 1128 4890 potest
1142 4807 1308 4872 affirmari.
