3164 5326
380 337 429 392 DE
447 336 674 394 lnolscnaals
693 335 910 392 GENERIBVS.
938 335 985 391 Ill.
1246 334 1312 400 305

1164 427 1209 467 soc.
1225 429 1265 467 aaa
1280 427 1310 467 n.

147 501 254 568 Varro
278 501 374 568 Gallo
398 501 438 567 ad
462 501 681 568 Fundanium:
705 503 789 567 inter
806 501 937 567 Italiam
961 506 994 566 et
1012 498 1156 566 Siciliam
1181 500 1236 584 qui
1261 513 1309 563 est

55 609 173 693 fretus,
196 611 282 676 inter
304 609 442 696 Regium
467 614 499 674 et
521 608 716 676 Messanam.

20 731 33 778 1
148 733 267 783 savoa
296 720 346 780 cst
373 715 501 800 generis
525 716 735 800 masculinill
756 716 926 782 Femiuino
950 715 1067 782 Accius
1092 711 1107 803 ΙΙ
1132 714 1298 780 Oenomao

593 840 743 908 augustam
762 838 917 893 adhibeant

220 919 385 983 saviatiam3
406 933 453 973 ore
473 917 596 973 obscina
614 918 691 972 dictu
710 919 867 989 sigregcnt.

149 1046 259 1094 sn‘rvs
285 1027 463 1093 masculini.
501 1026 668 1115 Vergilius
693 1026 926 1113 Georgicorum
950 1029 1005 1093 lib.
1028 1028 1075 1093 ll:

221 1153 271 1206 aut
289 1150 383 1206 ovium
402 1149 492 1205 fatum
511 1153 561 1205 aut
578 1151 692 1205 uranias
711 1150 788 1206 culta
805 1151 938 1222 capellas.

54 1266 65 1347 1}
90 1261 261 1327 Feminino
283 1259 452 1345 Vergilius
475 1259 651 1326 Bucolicis:

647 1385 682 1438 ad
702 1388 742 1451 tu,

220 1463 245 1519 si
263 1464 356 1518 fetura
374 1478 489 1534 gregem
508 1464 690 1535 subplcverit,
710 1481 810 1518 aureus
829 1467 898 1519 esto.

150 1573 235 1639 idem
260 1573 493 1658 Georgicorum
517 1573 571 1638 lib.
595 1571 659 1638 llI:

120 1722 124 1726 .
141 1719 273 1726 -———--

150 1811 184 1859 33
209 1805 299 1859 Varro
322 1802 404 1859 Gallo
432 1803 467 1858 ad
492 1802 668 1858 Fundanium
690 1805 701 1872 l
725 1809 738 1856 l
764 1803 864 1858 Accius
888 1805 1031 1859 Oenomao
1053 1807 1063 1875 ΙΙ
1085 1812 1101 1858 4
1125 1762 1176 1872 ΙΙ,Ι
1190 1811 1240 1859 iso
1262 1809 1273 1875 l
1296 1813 1311 1860 6

56 1885 120 1954 Vll,
140 1886 230 1955 3519
250 1885 296 1953 lll,
315 1891 357 1940 62.

59 2036 274 2046 --—-———-

53 2154 104 2208 pq.
128 2139 195 2203 193)
221 2136 301 2189 ‘salsi
324 2136 431 2190 frctus!
453 2165 486 2175 -
505 2135 578 2204 quari
596 2135 775 2204 postponitur
795 2137 836 2189 iia
855 2135 975 2190 auraria
993 2151 1089 2190 nonicn
1107 2137 1195 2192 carba
1213 2138 1314 2205 citatis,

58 2223 153 2287 sipon
176 2217 367 2286 paucissimis,
393 2217 503 2286 saepius
530 2215 612 2270 trabes
636 2215 722 2281 iriam
749 2215 833 2268 veluti
855 2231 903 2284 pp.
929 2220 995 2270 101:
1024 2215 1101 2270 (lomi
1130 2234 1196 2272 suae
1221 2215 1312 2272 Varro

59 2299 97 2353 dc
119 2312 247 2352 sermone
269 2296 359 2351 lutino
382 2295 455 2350 libro
475 2294 499 2348 V
519 2327 551 2335 -
571 2294 641 2350 Cato
660 2294 695 2348 dc
713 2294 804 2369 multa
823 2297 921 2350 contra
940 2295 969 2350 L.
989 2294 1010 2348 F
1030 2297 1115 2351 riunn
1137 2297 1214 2352 domi
1232 2314 1312 2353 meae

60 2394 147 2448 saapc
165 2377 228 2432 suit.
249 2408 283 2416 -
301 2375 339 2431 88
357 2375 440 2430 Gallo
459 2376 495 2430 ad
514 2374 689 2430 Fundanium
709 2376 746 2428 M
749 2397 760 2443 ;
778 2375 861 2430 Gallo
880 2378 930 2430 aut
947 2313 1094 2431 Furianis
1113 2377 1142 2434 0.
1161 2410 1193 2420 -
1213 2380 1314 2434 librum

60 2461 136 2513 iluna
158 2457 324 2527 inscriptum
347 2457 433 2523 fuisso
455 2457 536 2511 titulo
553 2455 616 2511 isac:
642 2455 753 2522 Gallus,
778 2457 812 2510 de
831 2454 1003 2511 admirandis
1021 2463 1136 2513 testam
1154 2460 1316 2516 Macrobius

63 2539 140 2605 Ill,
176 2544 229 2606 15,
262 2544 297 2603 8,·
332 2555 416 2608 neam
452 2554 581 2607 umquam
618 2535 708 2591 Varro
751 2537 808 2591 nisi
845 2537 964 2607 sinpulis
998 2539 1155 2595 novatoribus
1190 2542 1315 2610 propriis

61 2624 187 2674 constare
214 2618 302 2673 coluit
325 2619 446 2687 duplicia
470 2617 702 2689 Lapistoricorum
725 2617 916 2686 inscriptionis
938 2619 1060 2687 priorem
1079 2625 1194 2689 partem.
1231 2622 1313 2676 docu-

62 2704 151 2753 nenio
183 2703 249 2752 sunt
280 2699 345 2753 iiia:
377 2698 475 2764 Catus,
503 2696 537 2751 de
566 2697 661 2752 liberis
687 2695 853 2762 educandis3
885 2695 981 2767 Curio,
1014 2698 1049 2754 da
1079 2700 1194 2755 deorum
1223 2703 1315 2767 cultu3

63 2777 183 2845 Marius,
209 2777 245 2832 dc
269 2777 391 2843 fortunia
416 2775 549 2843 Messala,
573 2778 608 2831 do
626 2776 802 2844 valetudiuc;
826 2776 952 2846 Orestas,
977 2776 1011 2832 de
1030 2778 1151 2845 insanim
1176 2778 1255 2848 Pius,
1279 2783 1314 2834 dc

63 2876 147 2929 pacm
175 2857 307 2924 Sisenna,
335 2858 369 2912 de
392 2856 524 2923 historia3
550 2857 674 2923 Tubero,
703 2856 737 2911 dc
766 2857 872 2926 origine
901 2858 1032 2913 humana.
1056 2890 1091 2899 -
1113 2861 1178 2914 irinc
1200 2867 1315 2929 apparet

64 2957 149 3009 nequa
177 2938 291 2993 Gallum
321 2937 494 2992 Fundanium
527 2956 611 3007 neque
639 2937 751 2991 Gallum
779 2937 823 2992 vel
852 2938 1026 2992 Fundanium
1056 2943 1170 2995 inscribi
1193 2944 1315 3010 potuisse

65 3022 174 3074 librum.
191 3052 220 3060 -
239 3021 294 3072 iam
312 3035 346 3073 aa
364 3019 492 3073 marnoriu
511 3019 631 3072 corlicurn
647 3017 746 3086 Nonii,
763 3036 833 3087 quac
845 3020 960 3073 liabetur
972 3037 1018 3089 pp.
1034 3026 1084 3088 71,·
1101 3026 1171 3089 205;
1189 3028 1246 3076 210·
1261 3038 1281 3075 s.
1297 3023 1313 3074 l.

66 3100 222 3167 aboriatur,
247 3101 362 3164 iratum,
383 3098 473 3166 putei,
492 3099 660 3152 restituimus
678 3098 750 3152 illuri
773 3098 855 3152 Gallo
875 3099 911 3151 ad
930 3098 1119 3168 Fundanium,
1144 3104 1213 3156 riuos
1230 3102 1316 3168 fuisse

70 3180 203 3235 Varronis
233 3178 416 3247 Lapisiaricas
443 3179 514 3243 rati,
540 3179 589 3246 qui
614 3175 691 3231 Galli
718 3181 826 3233 naariae
852 3181 957 3245 facerint
984 3182 1126 3251 inscripti,
1153 3188 1178 3236 rt
1205 3183 1242 3236 ad
1268 3185 1316 3237 lios

67 3259 258 3316 discernendos
286 3260 366 3312 alleri
392 3258 515 3311 additum
545 3273 642 3310 namon
665 3259 737 3324 cius,
765 3260 802 3312 ad
824 3276 899 3327 quem
923 3261 1006 3314 datus
1030 3268 1096 3316 arat.
1132 3265 1205 3332 puori
1227 3269 1315 3317 antem

68 3342 152 3396 Char.
174 3346 225 3406 ὥς
249 3344 300 3393 111
307 3359 317 3406 ,·
342 3339 429 3392 Prisc.
450 3341 505 3392 758
524 3337 610 3391 citant
636 3336 784 3391 Varronem
807 3340 838 3391 in
858 3338 1024 3409 Fundanio,
1046 3358 1133 3394 urium
1155 3345 1194 3397 cis
1216 3345 1317 3398 erroris

66 3427 203 3477 auctam
222 3421 293 3474 idern
311 3419 386 3473 docet
404 3418 567 3486 exemplum,
585 3433 638 3486 quo
656 3423 781 3471 utuntur.
803 3450 833 3458 -
855 3424 886 3472 ut
904 3420 1011 3488 Gallus,
1033 3423 1114 3476 etiam
1134 3423 1218 3478 Catus
1236 3426 1314 3478 ‹lasti-

65 3508 152 3556 natus
168 3506 227 3556 erat
246 3499 438 3567 dedicataque
456 3499 543 3552 antico
557 3498 700 3564 Varronis,
719 3499 768 3567 ραι·
786 3499 844 3552 eius
863 3500 895 3552 (la
914 3501 1007 3554 libaria
1025 3502 1176 3556 educandis
1189 3505 1316 3559 coluisset

66 3585 109 3636 uti
148 3582 277 3636 consiliis.
323 3581 433 3633 minima
465 3594 526 3632 auro
561 3579 639 3632 acilo
670 3580 844 3633 statuendum
875 3597 936 3634 aum
970 3580 1117 3636 llitscliciio
1148 3586 1212 3653 (Op.
1247 3586 1317 3641 III.

70 3668 124 3718 409
143 3670 210 3732 sqq.)
237 3676 416 3730 pmoriarum
442 3659 579 3727 inscripta
606 3660 821 3729 lapisniricorunr
849 3660 928 3713 libris
955 3664 1068 3715 nomina
1094 3666 1205 3718 lionoris
1233 3683 1317 3718 carisa

65 3746 182 3808 asana,
215 3759 276 3796 cum
304 3743 342 3795 ris
373 3741 525 3811 sipnificati
557 3741 613 3794 sint
644 3740 764 3792 norninrs
792 3740 834 3793 cri
861 3742 985 3809 aequales
1012 3749 1099 3796 artata
1129 3744 1251 3798 Varroni
1278 3747 1318 3800 rel

64 3825 227 3894 aporiaris,
245 3823 295 3891 qni
312 3822 507 3874 inducerentur
525 3820 697 3887 disputantes
715 3821 849 3888 derebus,
867 3837 936 3888 airas
950 3824 1048 3890 optima
1062 3840 1138 3876 nossa
1151 3826 1316 3891 rirlrrrnlur,

66 3905 153 3958 relati
175 3905 207 3958 de
224 3903 340 3956 historia
358 3901 490 3966 Sisenna,
513 3901 546 3953 da
565 3900 694 3953 Fortuna
714 3901 842 3967 Marius,
866 3903 898 3955 (lc
916 3903 1030 3955 inantia
1052 3902 1162 3956 Orestes.
1184 3935 1216 3941 —-
1237 3905 1317 3957 Fun·

64 3987 184 4039 dasium
207 3989 297 4038 auum
320 3983 398 4035 illum
421 3996 541 4035 socerum
564 3982 649 4044 sitisse
678 3980 812 4034 Varronis
832 3983 1013 4049 prolala'litrr
1036 3984 1182 4037 (ulrnorlum
1205 3987 1317 4038 coniecit

65 4065 250 4120 sciscianus
267 4065 300 4117 da
315 4064 450 4117 Varronis
467 4063 525 4116 vila
544 4066 568 4114 ct
586 4062 696 4129 seriptis
710 4079 757 4132 pp.
777 4067 842 4116 217.
856 4093 892 4102 -
905 4061 943 4116 sl
963 4063 1095 4132 Regium
1114 4065 1154 4117 ita
1173 4067 1318 4119 rectissima

65 4146 101 4205 0.·
127 4146 166 4210 cf.
184 4144 349 4214 lt'ipperdeii
367 4160 458 4198 comm.
477 4143 509 4196 in
529 4141 593 4195 Tac.
613 4143 689 4195 Ann.
709 4143 743 4209 1,
762 4147 805 4196 53.
826 4173 858 4182 -
879 4144 894 4197 l
915 4144 1001 4196 Fatus
1019 4144 1071 4213 ΙΙΙ.
1093 4176 1123 4182 --
1145 4144 1258 4211 Accium
1282 4148 1317 4213 cs.

64 4227 156 4281 3571.
176 4224 326 4280 obscenum
345 4254 380 4263 -
399 4222 576 4277 maledicum.
598 4252 629 4261 -
650 4221 679 4276 2.
698 4222 716 4275 3
735 4216 882 4292 augustam
902 4255 936 4263 -
956 4241 1002 4276 ora
1021 4225 1080 4278 alil.
1100 4228 1169 4290 357;
1188 4231 1318 4293 agustam

63 4307 228 4377 (augustam
253 4304 360 4374 11,)-
386 4320 460 4357 mora
484 4304 510 4357 n.
535 4304 552 4357 l.
574 4333 605 4343 —
631 4319 679 4357 ore
707 4304 876 4372 iunpenrlum
904 4322 964 4358 cirria
993 4306 1147 4371 sagrcgrut.
1170 4337 1201 4344 —
1226 4306 1317 4373 dictu,

63 4387 143 4441 dictu
172 4388 203 4439 ut
226 4386 354 4438 Alterius
377 4384 504 4453 Lanpias
528 4384 685 4452 Quaestion.
710 4386 810 4438 metria.
831 4402 877 4453 pp.
905 4390 938 4452 8,·
961 4384 1044 4437 dictis
1061 4385 1087 4437 li.
1107 4386 1124 4437 l.
1144 4387 1220 4451 al‹l.,·
1243 4387 1316 4439 «lictu

65 4466 161 4529 idioti)
180 4466 219 4521 iri.
239 4468 348 4519 3157.-
369 4480 519 4534 segregans
536 4464 582 4518 liic
600 4465 740 4518 traditum.
757 4496 789 4503 —
805 4463 824 4517 4
843 4464 881 4516 ΙΙΙ
902 4465 929 4517 0.
948 4494 979 4503 -
1000 4465 1017 4517 i»
1037 4463 1127 4517 ocium
1148 4465 1201 4534 12„·
1225 4466 1317 4520 ouium

8 4544 11 4563 ¹
64 4550 116 4619 11,
139 4576 175 4587 -
194 4546 282 4600 istum
305 4545 428 4600 Palatin.
454 4544 548 4613 Vcrp.,·
571 4545 646 4598 lctus
671 4544 707 4611 0;
733 4544 872 4599 Priscian.
896 4547 928 4598 in
946 4546 1095 4613 arpcnrlica
1114 4546 1130 4598 i.
1157 4545 1251 4615 νων.
1272 4547 1318 4599 lul.

66 4630 120 4695 11,
147 4630 232 4693 ml,-
254 4624 393 4679 Maianis
412 4624 505 4695 Verp,
528 4622 600 4676 lotus
625 4622 718 4676 ovium
742 4627 855 4693 quidam
877 4627 960 4679 liuius
983 4625 1056 4679 libri.
1078 4656 1109 4663 —
1135 4626 1154 4676 o
1178 4624 1319 4693 lominino,

63 4708 138 4778 qnod
151 4711 219 4775 pasl
239 4702 384 4759 bucolicon
403 4706 502 4774 lepiiur
521 4707 551 4758 ia
571 4707 641 4771 carl,
661 4711 724 4759 anta
741 4708 813 4761 illuri
827 4705 967 4776 Vergilius
983 4708 1116 4760 macarii
1133 4706 1319 4775 (pariclirratas.

67 4819 98 4829 -
117 4785 271 4841 bucolicon
291 4784 320 4839 0.
339 4816 372 4824 -
394 4785 408 4838 7
429 4788 459 4840 at
478 4784 560 4854 Opr.
580 4786 627 4856 L,

118 4888 186 4929 xnus
200 4886 282 4927 usse.
296 4884 320 4925 c.
335 4884 361 4925 D.
375 4884 409 4926 cd.
424 4886 448 4926 L.
463 4885 591 4925 Mirans.
1073 4883 1107 4931 20
