3098 5316
316 347 364 401 DE
383 346 662 414 INSEQVENTIVM
682 346 926 402 SAECVLORVM
946 363 969 402 e.
989 366 1015 416 q.
1035 365 1056 403 a.
1250 344 1314 409 267

60 509 165 594 1557,
192 510 309 576 Vrbin.
337 510 419 596 308)
451 532 511 576 nec
542 532 608 575 non
636 513 734 576 ceteri
762 510 883 595 Italici,
915 511 955 575 de
982 510 1099 596 quibus
1129 509 1321 594 innotuerit,

58 621 193 702 praeter
216 616 452 700 Florentinum,
480 618 580 683 veluti
604 617 722 684 Veneti
751 619 813 684 duo
842 641 862 683 a
888 619 982 683 nobis
1009 641 1037 683 a.
1063 619 1148 684 1885
1172 616 1319 702 inspecti,

57 745 100 788 eo
129 730 251 791 carent.
296 723 347 789 Ex
372 723 491 809 Poggii
518 725 595 789 item
625 727 801 810 exemplari
830 726 981 790 videntur
1002 725 1092 790 ducti
1114 725 1225 789 relicui
1250 746 1320 790 sae-

57 830 127 896 culi
141 829 203 896 XV
217 831 354 916 codices,
369 854 394 896 a
413 832 529 916 quibus
544 832 631 898 absit
644 855 711 918 cap.
728 832 786 917 III,
805 837 842 898 11
855 831 1117 899 Vindobonensis
1133 829 1319 915 CCLXXII,

58 935 266 1024 Basiliensis,
289 940 345 1024 qui
369 938 579 1006 aGerlachio
603 943 636 1005 11
654 938 777 1006 Rothio
798 943 849 1005 111
868 940 1042 1024 adhibitus,
1064 939 1201 1004 Parisin.
1223 939 1319 1023 7577,

59 1043 202 1130 denique
225 1045 417 1110 membrana
441 1046 592 1112 abbatiae
615 1046 830 1113 Fiechtiensis
854 1069 955 1132 prope
974 1046 1202 1131 Oenopontum
1227 1045 1318 1127 sitae,

59 1171 102 1216 ex
125 1174 191 1237 qua
210 1150 457 1237 Zingerleius
481 1175 552 1218 cum
576 1175 680 1238 pauca
702 1157 849 1219 notasset
868 1155 1025 1219 Actorum
1043 1152 1318 1238 philologicorum

59 1255 203 1324 Bremas
226 1259 317 1352 olim,
336 1280 423 1324 nunc
443 1257 570 1324 Gothae
593 1260 755 1325 editorum
774 1260 799 1345 I,
821 1261 916 1343 1311,
939 1261 1006 1325 alia
1028 1261 1185 1345 quaedam
1210 1260 1318 1339 abac,

58 1387 128 1452 quo
148 1366 256 1431 studio
275 1370 404 1431 tenetur
421 1367 536 1450 nostri,
554 1368 588 1432 11
606 1370 737 1434 1111111
756 1388 834 1432 usus
850 1371 1007 1453 excerpta
1040 1368 1189 1433 Accessit
1201 1366 1318 1430 biblio-

55 1471 175 1537 thecae
195 1472 255 1537 illa
273 1494 372 1557 opera
391 1473 520 1537 abbatis
539 1473 617 1553 cius,
637 1473 693 1557 qui
707 1473 795 1538 intra
809 1494 911 1538 annos
931 1473 1100 1538 1469-91
1120 1473 1317 1538 monasterio

56 1579 112 1645 illi
135 1580 288 1665 praefuit.
332 1578 447 1665 Neque
470 1580 552 1644 liber
574 1581 643 1665 ipse
667 1581 794 1645 videtur
816 1603 887 1645 esse
911 1582 1085 1666 antiquior.
1136 1583 1138 1586 ’

154 1685 279 1752 Contra
311 1689 416 1753 solum
447 1710 515 1773 cap.
539 1686 589 1753 IIl
621 1689 803 1754 continetur
826 1686 981 1759 Vrbiuati
1008 1686 1087 1770 308,
1119 1688 1203 1752 libro
1232 1688 1318 1752 haud

58 1794 256 1878 spernendo.

30 1922 33 1929 ·
151 1899 300 1987 Denique
335 1906 433 1987 caput
468 1903 601 1968 tertium
638 1905 673 1969 in
708 1902 904 1968 editionibus
936 1901 1022 1967 Aldo
1055 1902 1220 1987 prioribus
1253 1924 1320 1966 nou

57 2011 176 2075 extare
199 2015 323 2076 notum.
945 2019 947 2022 ’

154 2114 239 2181 Turn
269 2120 368 2202 caput
394 2114 441 2180 IV
471 2138 529 2181 suo
558 2117 629 2182 loco
659 2123 796 2200 motum,
824 2116 910 2201 quod
939 2140 1011 2181 cum
1041 2115 1089 2180 III
1119 2139 1186 2181 non
1217 2115 1320 2179 adfuit

55 2221 169 2288 codici
197 2223 260 2307 illi,
287 2246 326 2288 11
355 2245 420 2309 quo
443 2222 697 2309 Bambergensis
721 2223 939 2307 similiumque
963 2223 999 2304 ei
1016 2224 1175 2288 librorum
1198 2223 1318 2287 fluxere

55 2333 227 2416 excerpta,
251 2352 288 2395 ac
311 2331 432 2415 pluries
457 2330 648 2415 singillatim
667 2333 717 2394 111
735 2330 940 2416 descriptum.
977 2330 1090 2396 Testes
1109 2328 1319 2412 Genevensis,

54 2430 359 2522 Cmtabrigiensis,
386 2437 640 2522 Tomaesianus,
667 2439 746 2503 itam
776 2437 948 2503 Beruensis
973 2439 1089 2520 83,11
1113 2460 1177 2522 quo
1208 2441 1318 2501 tamen

55 2542 188 2609 omissa
209 2565 286 2630 pars
310 2545 541 2629 exemplorum.

153 2649 244 2728 Quae
276 2673 349 2716 cum
376 2653 423 2716 ita
451 2653 531 2737 sint,
562 2657 698 2738 apparet
725 2651 759 2717 in
787 2673 850 2716 uno
879 2651 1023 2717 alterove
1053 2675 1090 2716 er
1120 2651 1320 2737 apographis

55 2758 235 2844 archetypi
262 2758 310 2823 111
337 2758 490 2824 distincta
514 2760 613 2825 fuisse
638 2760 747 2845 capite
769 2761 819 2824 111
843 2759 952 2824 omnia
974 2761 1024 2825 111
1050 2760 1188 2843 1111ο11,
1217 2762 1253 2823 ut
1277 2760 1317 2823 ab

54 2862 203 2950 integris
227 2865 406 2950 inciperent
428 2866 525 2931 foliis.

152 2971 205 3037 le
229 2973 312 3037 libro
336 2977 458 3056 autem,
481 2975 532 3038 cui
556 2974 686 3038 dessent
707 2977 816 3059 partes
839 2972 891 3038 III
914 2976 947 3037 et
970 2972 1034 3056 IV,
1057 2974 1142 3039 circa
1165 2993 1246 3037 saec.
1271 2972 1318 3036 IX

55 3077 187 3146 factum
211 3081 435 3166 compendium
459 3080 629 3165 quoddam,
652 3103 716 3164 quo
736 3080 760 3164 I,
779 3079 821 3160 Il,
840 3080 870 3145 V
893 3080 1021 3146 omissis
1040 3085 1169 3165 praeter
1187 3081 1319 3145 initium

57 3208 165 3274 usqoe
190 3189 231 3253 ad
253 3188 312 3253 illa
335 3210 418 3273 quae
442 3192 519 3251 sunt
543 3189 592 3265 11,
611 3188 632 3250 4
653 3187 843 3271 Poemenius
861 3187 953 3271 Syris
976 3192 1143 3254 auctorum
1165 3191 1202 3252 ut
1220 3188 1319 3271 pluri·

37 3314 152 3359 mum
180 3294 392 3376 testimoniis,
421 3294 583 3358 interdum
612 3298 644 3358 11
666 3292 765 3360 Nonii
792 3294 971 3382 lemmatis,
999 3297 1167 3381 sequentia
1189 3317 1318 3359 rursum

57 3400 183 3467 additis
215 3401 334 3485 ubique
367 3400 625 3466 continebantur.
659 3438 696 3447 —
729 3400 779 3466 Ex
812 3401 874 3466 hoc
906 3403 1006 3488 igitur
1038 3402 1127 3467 fonte
1161 3403 1317 3488 repetitus

57 3507 144 3573 liber
164 3506 417 3591 Bambergeusis
441 3507 546 3593 (cuius
571 3511 647 3572 sunt
669 3509 860 3593 apographa
880 3508 1060 3574 Vossianus
1082 3511 1144 3574 116
1165 3515 1198 3574 et
1216 3509 1319 3575 Paris.

60 3611 178 3702 7666),
202 3636 284 3679 saec.
306 3613 346 3698 X,
370 3615 448 3679 item
473 3614 657 3679 Turicensis
681 3636 762 3679 saec.
787 3614 817 3679 X
841 3617 891 3680 111
915 3616 971 3682 XI.

150 3721 324 3814 Praeterea
351 3744 422 3786 cum
451 3722 570 3786 referat
593 3719 741 3786 Havetus
766 3723 841 3787 libri
866 3746 965 3807 supra
988 3726 1158 3790 memorati
1181 3747 1233 3810 pg.
1255 3726 1316 3790 171

59 3827 261 3895 6111111111
291 3828 354 3892 347
385 3826 480 3912 (saec.
504 3827 547 3914 X)
581 3831 659 3893 olim
686 3830 788 3894 fuisse
816 3831 962 3896 iunctum
991 3830 1137 3898 Parisino
1168 3834 1254 3898 7665
1287 3839 1320 3897 11

58 3956 138 4001 casu
158 3934 329 4019 divulsum,
349 3957 484 4021 cumque
498 3937 805 4022 Montepessulanus
820 3933 918 4024 (saec.
933 3937 977 4023 X)
996 3939 1131 4023 incipiat
1145 3962 1165 4003 a
1180 3959 1248 4022 cap.
1262 3938 1319 4023 IV,

10 4066 19 4075 ·
56 4064 160 4131 porro
182 4043 223 4107 ab
242 4042 304 4107 hoc
322 4044 444 4127 pariter
458 4049 491 4110 et
504 4044 653 4110 Parisino
670 4044 1011 4130 766511111111111,
1031 4051 1167 4130 apparet
1180 4048 1318 4112 alteram

54 4149 184 4216 iactam
208 4150 371 4234 epitomen
395 4151 554 4216 diversam
574 4175 594 4216 a
613 4150 855 4236 Bambergensi,
880 4173 1053 4235 quaecum
1073 4158 1106 4219 et
1124 4177 1163 4218 cx
1182 4177 1250 4239 cap.
1268 4153 1318 4219 IV

53 4260 214 4342 excerpta
241 4257 422 4343 exhiberet,
450 4263 483 4324 et
511 4259 639 4344 quidem
667 4259 771 4342 primo
796 4259 882 4342 loco,
911 4264 944 4323 et
966 4267 1089 4325 careret
1112 4284 1180 4346 cap.
1203 4261 1262 4340 IX,
1285 4262 1319 4326 11

49 4364 114 4451 cia,
138 4386 224 4450 quas
248 4369 323 4429 sunt
344 4365 418 4430 inde
437 4389 456 4431 a
475 4366 531 4451 VI,
555 4366 682 4458 cederet
701 4366 838 4429 multum
858 4367 952 4450 copia
972 4368 1054 4432 libro
1074 4352 1318 4454 Bambcrgensi.

10 4520 19 4529 ·
46 4470 107 4539 De
137 4494 204 4558 qua
227 4493 262 4536 re
284 4470 404 4539 Haveti
427 4474 633 4560 potissimum
658 4472 776 4536 merito
800 4476 938 4538 constat.
984 4472 1032 4539 cf.
1055 4476 1076 4539 l.
1099 4498 1141 4540 m.
1167 4513 1204 4522 -
1231 4475 1317 4541 Nam

44 4576 350 4665 Montepessulano
367 4580 420 4645 vix
437 4581 567 4646 tertiam
583 4580 689 4665 operis
703 4577 849 4644 Noniani
864 4585 990 4666 partem
1005 4583 1162 4648 contineri
1177 4587 1318 4649 testatur
1380 4662 1388 4678 .

46 4684 275 4765 Quicheratus
308 4709 360 4773 pg.
387 4687 435 4752 IX
454 4711 514 4771 sq,
546 4688 695 4772 idemque
726 4684 774 4749 XI
805 4687 905 4753 refert
938 4712 1004 4754 non
1036 4691 1166 4755 easdem
1198 4691 1317 4776 ubique

37 4792 193 4861 lacunas
212 4792 416 4861 Ρ1111.7665
435 4801 468 4860 11
488 4796 583 4861 7666.
620 4794 749 4872 Quanta
769 4798 876 4860 autem
896 4797 981 4862 inter
994 4796 1315 4888 Montepessulanum
