3164 5326
325 358 373 413 uu
392 332 670 424 iusaoununvu
691 355 938 411 snxcvnoavu
957 373 980 411 e.
999 374 1026 424 q.
1045 373 1067 410 s.
1261 356 1325 420 265

70 522 128 587 sed
151 523 273 609 partim
296 544 407 588 crassa
424 521 571 587 Minerva
594 523 775 587 immutata.
811 520 876 587 Pro
898 542 919 605 y
938 541 1034 604 saepe
1053 521 1195 605 positum
1215 523 1324 585 erata

69 630 158 697 Nam
182 630 247 696 alia
269 628 375 714 magis
397 629 557 714 vulgaria,
580 634 617 693 ut
639 629 657 694 b
680 632 714 693 et
735 650 763 713 o,
786 650 802 694 c
824 631 899 712 etp
921 627 1056 694 confusa
1080 627 1205 693 omitto.

162 735 368 821 Capitalibns
395 736 513 801 litteris
541 757 614 800 cum
641 738 793 801 exaratus
822 738 909 800 essct
935 735 1032 820 liber,
1059 758 1124 800 non
1150 735 1268 799 mirum
1291 735 1326 798 in

70 867 110 910 eo
139 844 253 930 parurn
282 844 384 910 fuisse
411 844 582 909 distinctas
604 843 651 926 E,
673 843 707 926 Ι,
731 842 773 921 L,
800 865 1044 928 nonnumquam
1070 846 1103 907 et
1125 845 1325 927 permutatas

70 974 145 1017 curn
173 951 226 1016 his
250 951 291 1035 T,
312 951 355 1035 P,
382 973 441 1016 nec
468 951 574 1036 magis
599 951 640 1016 M
666 972 780 1035 parum
809 950 937 1015 differre
966 951 1007 1015 ab
1036 950 1107 1015 NT.
1152 950 1327 1014 Praeterea

69 1058 261 1142 notandum,
285 1057 370 1143 quod
394 1057 529 1123 subinde
552 1079 612 1141 pro
636 1056 678 1124 M
698 1057 842 1142 positum
866 1060 936 1122 erat
957 1057 1023 1122 ΕΤ
1041 1058 1093 1122 vel
1116 1056 1263 1122 invicem.

161 1164 363 1250 Compendia
383 1166 571 1249 scripturae,
593 1168 630 1229 ut
647 1166 733 1230 solet
750 1162 821 1228 fieri
839 1163 873 1228 in
893 1164 1058 1228 codicibus
1078 1163 1325 1248 antiquissimis,

70 1275 106 1338 et
128 1294 233 1357 pauca
254 1273 345 1337 fuere
364 1276 396 1337 et
414 1272 455 1337 ad
474 1271 705 1357 expediendum
724 1273 886 1355 prompta.
904 1307 941 1316 -
959 1270 1209 1334 Praenominum
1228 1274 1325 1335 notae

69 1402 145 1445 cum
164 1379 251 1446 haud
270 1401 344 1445 raro
363 1377 493 1464 virgula
510 1401 609 1464 supra
627 1376 737 1442 addita
752 1378 863 1442 essent
876 1376 1061 1463 insignitae,
1079 1376 1113 1440 in
1128 1376 1325 1461 apographis

68 1487 206 1571 optimis
239 1508 299 1571 pro
331 1508 369 1552 eo
398 1487 482 1572 quod
511 1490 561 1551 est
587 1485 739 1551 Marcus
769 1484 964 1569 aliquotiens
993 1504 1100 1550 errore
1129 1483 1325 1550 subridiculo

67 1593 216 1681 positum
232 1614 368 1658 men-
379 1593 424 1657 At
438 1596 607 1659 auctorum
622 1596 656 1657 et
669 1592 826 1656 librorum
840 1591 1179 1678 frequentissimorum
1193 1593 1327 1657 nomina

68 1724 170 1786 saepe
193 1701 391 1784 abbreviata,
414 1704 451 1765 ut
473 1705 553 1786 puta
575 1699 700 1784 Verg.,
723 1697 852 1783 Lucil,
874 1697 960 1784 Oia,
983 1698 1082 1764 Tull.
1104 1719 1164 1782 pro
1189 1696 1327 1783 Vergi-

66 1810 162 1893 lius,
193 1806 382 1886 Lucilius,
414 1806 563 1892 Cicero,
591 1806 769 1892 Tullius3·
794 1828 892 1890 porro
920 1805 1033 1890 Hist,
1060 1805 1211 1888 Annal,
1238 1805 1327 1872 Phi·

68 1915 218 2002 lippia,
246 1909 476 2000 comment,
496 1914 643 1998 Bucol,
672 1911 823 1999 Georg.,
847 1913 937 1980 Aen.
961 1936 1020 1998 pro
1043 1913 1326 1997 Historiarum,

68 2021 295 2105 Annalium,
326 2021 650 2107 Philippicarum,
683 2019 1069 2106 Commentariorum,
1099 2020 1327 2106 Bucolicon,

69 2127 307 2213 Georgicon,
330 2127 535 2193 Aeneidos.
581 2126 681 2192 Cuius
705 2127 865 2193 scribendi
891 2129 990 2194 moris
1015 2130 1163 2213 exempla
1186 2130 1328 2194 servavit

68 2235 335 2301 Guelferbitanus
362 2234 577 2320 pluraquam
601 2234 827 2321 Lugdunensis
850 2238 884 2299 et
906 2234 1109 2301 Harleianus.
1154 2235 1240 2300 Hinc
1264 2238 1327 2302 orti

68 2363 198 2409 errores
219 2343 255 2407 iu
278 2343 490 2428 apographis3
513 2342 614 2407 veluti
637 2364 696 2426 pro
715 2342 979 2407 Historiarum
1004 2351 1170 2408 exaratum
1192 2343 1328 2408 Histo-

67 2450 153 2514 rias
190 2450 241 2513 vel
278 2448 649 2534 Historiographus,
687 2471 744 2533 pro
778 2449 987 2515 Annalium
1022 2449 1239 2515 Annalibus
1276 2452 1327 2516 vel

68 2556 231 2640 Annali,
254 2578 314 2641 pro
338 2556 649 2640 Philippicarum
673 2555 922 2642 Philippicis,
946 2580 1005 2642 pro
1029 2555 1327 2622 Commentario·

67 2686 152 2729 rum
176 2662 495 2730 commentorum.
514 2700 556 2709 -
578 2663 686 2748 Atque
709 2661 776 2727 alia
798 2662 934 2727 subinde
959 2666 985 2727 a'
1000 2663 1094 2728 nobis
1113 2663 1148 2726 in
1169 2668 1326 2747 apparatu

47 2774 193 2837 notata

161 2876 247 2943 lllud
267 2877 368 2943 libro
388 2877 485 2943 modo
504 2879 597 2962 plene
616 2880 688 2943 erat
705 2879 930 2964 perscriptum,
949 2878 1045 2943 modo
1061 2879 1189 2944 omissis
1205 2880 1324 2944 litteris

70 2990 191 3071 quarta
214 2989 246 3049 et
270 2985 396 3072 quinta,
421 3006 521 3069 eaquc
546 2988 579 3049 et
602 2988 673 3070 ipsa
695 2986 746 3050 bis
770 2990 860 3051 terve
884 2985 1015 3051 errandi
1038 3008 1143 3051 causa.

162 3091 296 3157 Numeri
327 3095 363 3157 ut
392 3092 568 3176 plurimum
597 3093 759 3158 ordinales
786 3094 1000 3159 cardinalium
1028 3093 1130 3177 notis,
1163 3094 1325 3159 interdum

70 3205 186 3265 tamen
210 3200 329 3265 litteris
353 3199 535 3285 perscripti.

161 3306 334 3372 Praeterea
353 3330 372 3372 a
390 3307 523 3372 librario
543 3311 576 3372 ct
594 3308 678 3392 quod
699 3307 808 3391 codex,
826 3331 919 3394 quem
936 3308 1149 3394 describebat,
1163 3308 1327 3373 difficilior

66 3418 157 3480 esset
189 3414 230 3478 ad
263 3415 435 3501 legendum
468 3420 501 3480 et
532 3416 661 3499 propriu
689 3414 875 3501 ignorantia
903 3438 941 3480 ac
969 3416 1102 3481 levitate
1130 3417 1260 3501 plurimi
1290 3439 1327 3481 ac

67 3544 169 3606 saepe
184 3520 369 3606 gravissimi
384 3522 546 3587 commissi
561 3544 687 3587 errores
702 3523 736 3586 in
751 3522 880 3606 litteris,
900 3523 1047 3608 syllabis,
1065 3523 1180 3588 verbis.
1218 3523 1326 3609 Atque

66 3630 142 3715 ipse
162 3649 240 3692 usus
260 3628 421 3712 scriptura
440 3650 555 3713 parum
575 3633 726 3695 accurata
745 3634 778 3694 et
794 3630 942 3713 dilucida,
962 3631 1025 3695 nisi
1040 3630 1148 3715 potius
1163 3635 1327 3698 statuetur

70 3735 300 3802 membranam
324 3736 413 3799 illam
437 3735 550 3800 deinde
574 3736 723 3801 sordibus
748 3736 920 3802 obductam
944 3740 977 3800 et
1000 3738 1214 3802 obscuratam.

164 3841 252 3918 Quae
283 3864 357 3908 cum
389 3843 437 3907 ita
465 3843 545 3921 sint,
577 3844 736 3908 falluntur
763 3844 832 3928 qui,
865 3844 967 3908 sicubi
996 3845 1100 3908 maior
1129 3851 1265 3929 apparet
1292 3846 1325 3909 in

65 3950 181 4017 verbis
200 3948 301 4014 Nonii
324 3950 516 4034 corruptela,
540 3951 610 4015 ideo
636 3951 801 4035 proprium
824 3952 1015 4016 vocabulum
1035 3953 1085 4016 vel
1105 3973 1256 4038 graecum
1277 3954 1327 4018 vel

67 4062 160 4124 certe
194 4057 235 4121 ab
268 4080 329 4122 usu
358 4058 518 4122 remotius
551 4063 607 4122 aut
640 4080 794 4123 arcanam
827 4058 969 4144 aliquam
1004 4059 1198 4142 sapientiam
1227 4062 1327 4124 latere

65 4165 268 4232 existimant.
314 4163 363 4228 De
391 4184 455 4247 quo
483 4163 578 4228 facilc
608 4164 790 4228 adsentient
817 4165 925 4249 nobis,
957 4166 1042 4230 hauc
1070 4168 1125 4251 qui
1153 4167 1326 4232 aditionem

67 4272 282 4339 excusserint.

160 4377 315 4464 Repetite
334 4379 369 4443 in
387 4378 533 4462 margine
553 4379 706 4443 lemmata
719 4379 782 4443 nisi
797 4402 871 4444 raro
887 4381 1059 4446 admodum
1075 4405 1131 4447 cur
1146 4382 1326 4446 existimem

62 4510 136 4555 non
147 4486 261 4551 habco.
284 4483 406 4550 Contra
414 4485 614 4569 irrepserant
625 4487 658 4549 in
669 4490 854 4552 contextum
864 4489 972 4573 ipsum
982 4492 1046 4554 iam
1059 4494 1128 4555 tum
1139 4490 1326 4576 quaedam

65 4621 87 4664 a
103 4593 360 4683 grammatico
375 4593 628 4677 interpolata,
639 4593 693 4678 qui
704 4595 754 4659 vel
767 4596 955 4661 adnotasset
966 4599 1218 4682 explicassetque
1230 4597 1328 4660 verba

64 4702 172 4771 Nonii
195 4702 245 4767 vel
271 4701 464 4766 correxisset
487 4701 621 4765 eundem
646 4701 910 4787 castigassetquc,
933 4703 1096 4768 interdum
1120 4706 1153 4766 et
1174 4703 1325 4768 auxisset.

161 4809 191 4873 A
219 4829 285 4892 quo
314 4811 348 4872 et
375 4808 518 4892 glosaria
542 4807 607 4872 alia
631 4807 777 4872 adhibita
801 4814 834 4874 et
856 4812 1004 4895 exempla
1027 4810 1184 4895 quaedam
1210 4811 1327 4894 addita,
