3098 5316
403 313 452 367 DE
470 311 642 368 floressia
662 311 729 366 sui*
748 310 848 366 Nova
868 310 995 367 Diouis.
1025 312 1057 369 ll.
1286 311 1352 375 245

1205 404 1251 445 res.
1267 404 1305 444 res
1319 404 1351 443 rs.

254 475 376 531 iamim
394 473 541 529 albicascit
559 473 686 529 Phoebus
704 474 735 528 et
751 473 925 543 recantatur,

255 556 406 611 commune
425 556 520 609 lumen
539 552 700 608 bbminibus
718 552 887 625 voluptatist.

180 681 431 732 numerosus
463 686 525 750 pro
557 662 752 748 raptoribus.
797 659 904 726 Varro
932 661 1097 728 Bimareo:
1131 665 1165 728 in
1197 663 1350 729 invidiam

137 772 226 837 siant
248 772 313 855 [in]
336 771 400 837 hoo
423 770 496 857 ipso
520 771 733 854 rapinatores.
754 805 799 816 -
821 768 964 834 Lucilius
988 768 1043 834 lib.
1065 767 1112 835 Il:

416 894 502 948 homo
520 892 669 962 inpuratus
686 893 716 947 et
734 891 839 964 inpuno
859 893 958 961 estque
977 891 1104 962 rapister.

182 1021 289 1070 nans.
330 1000 437 1069 Varro
462 1001 604 1087 epistula
626 1000 667 1066 ad
689 1000 868 1067 Neronem:
892 1001 1009 1086 quodsi
1032 1005 1123 1068 tuam
1147 1002 1216 1068 heri
1240 1004 1351 1068 rodam

139 1134 160 1175 n
183 1110 384 1192 habuissem,
407 1110 532 1175 varices
555 1108 718 1173 haberem.

180 1233 446 1283 aucensium.
487 1215 532 1282 M.
559 1214 686 1280 Tullius
719 1215 758 1280 de
789 1215 906 1280 finibus
938 1216 1098 1281 bonorum
1131 1223 1164 1280 et
1192 1218 1349 1282 malorum

137 1352 151 1389 ι.
169 1323 219 1388 11:
240 1322 360 1389 horum
383 1324 609 1407 reeentiorum,
631 1343 807 1406 numquam
831 1322 952 1387 dietum
977 1322 1017 1387 ab
1041 1323 1109 1407 illo,
1133 1323 1217 1408 quod
1241 1325 1350 1388 seiam.

182 1447 307 1496 svm
330 1433 458 1496 veteres
480 1450 658 1494 mammam
680 1428 839 1494 dixerunt
877 1428 982 1494 Varro
1002 1427 1083 1495 Cato
1107 1430 1158 1494 vel
1182 1430 1220 1495 de
1240 1432 1348 1495 liberis

137 1536 281 1604 arandis:
300 1537 351 1601 dis
366 1534 560 1602 Semonibus
578 1536 664 1601 lacte
678 1535 725 1614 fit,
743 1557 810 1600 non
824 1535 915 1620 vin03
935 1533 1081 1601 Cuninae
1095 1541 1227 1622 propter
1241 1560 1350 1620 cunas,

136 1646 253 1712 rminae
270 1647 407 1730 propter
425 1664 563 1727 rumam,
580 1643 614 1707 id
634 1647 683 1708 est
701 1643 809 1726 priseo
828 1642 988 1708 vocabulo
1008 1666 1196 1729 mammam3
1216 1668 1235 1710 a
1254 1667 1316 1729 quo
1333 1642 1348 1733 ΙΙ

136 1753 268 1819 ibrnmi
292 1752 482 1818 etiamnunc
505 1750 654 1815 dicuntur
678 1749 764 1832 agni.

183 1876 355 1926 unicubas
378 1879 465 1943 oves,
488 1861 545 1922 aut
569 1860 676 1922 aetate
699 1861 756 1921 aut
775 1856 887 1922 morbo
908 1878 1031 1943 graves.
1069 1856 1174 1923 Varro
1194 1855 1276 1922 Cato
1297 1859 1347 1922 vel

136 1965 273 2032 iliberis
300 1964 489 2030 educandis:
521 1963 624 2028 seiont
655 1962 688 2027 in
721 1983 820 2049 grege
848 1964 946 2047 opilio
976 1985 1052 2028 oves
1080 1965 1186 2028 minus
1214 1964 1347 2029 idoneas

136 2091 261 2137 morere
288 2070 387 2153 solet,
413 2091 495 2154 quas
518 2068 688 2134 reiculas
712 2069 887 2153 appellant.
929 2092 1025 2153 saepe
1048 2072 1135 2135 enim
1160 2093 1241 2135 unus
1265 2094 1345 2156 puer

135 2178 244 2244 aulam
267 2182 365 2262 atque
388 2176 524 2261 inpurus
547 2175 696 2261 inquinat
719 2196 851 2261 gregem
875 2198 1057 2260 puerorum.

187 2430 219 2479 1'1
237 2424 327 2479 Varro
343 2422 473 2479 Bimareo
495 2425 506 2493 Ι
529 2428 563 2478 18
581 2423 647 2477 Luc.
667 2421 685 2476 t
704 2421 731 2475 11
748 2423 758 2491 Ι
775 2427 811 2478 20
829 2421 918 2478 Varro
937 2423 1060 2493 epistula
1077 2424 1114 2480 ad
1133 2426 1269 2481 Neronem
1290 2430 1347 2496 lut

135 2512 193 2574 ,tt
210 2508 244 2560 82
257 2507 269 2575 Ι
280 2510 316 2559 24
335 2504 425 2559 Varro
443 2501 513 2558 cato
526 2506 566 2574 12
585 2502 675 2557 Varro
694 2500 772 2557 Cato.

185 2682 230 2740 15.
246 2683 285 2738 lb
302 2680 472 2752 albigeasoit
489 2681 522 2735 L.
542 2710 575 2721 -
595 2678 726 2735 Phoebus
745 2680 818 2736 docti
836 2682 900 2736 add.
919 2699 953 2735 cx
972 2682 1068 2738 Gallio.
1089 2714 1121 2724 -
1141 2687 1171 2739 et
1188 2688 1348 2741 recentatur

135 2766 235 2819 mur
251 2761 289 2831 L)
307 2776 457 2816 commune
475 2764 646 2830 (commune,
660 2766 772 2829 punct,
791 2765 822 2814 ut
839 2762 911 2828 oid„
928 2778 963 2815 m.
983 2768 1003 2818 2
1018 2763 1054 2832 L)
1072 2763 1167 2818 lumen
1186 2766 1346 2822 hominibus

135 2844 176 2903 los.
190 2848 253 2899 sote
269 2843 472 2915 imitanum
490 2845 519 2896 et
537 2841 708 2905 recantatum
729 2857 874 2896 commune
893 2842 987 2895 lumen
1006 2843 1165 2899 bominibus
1180 2845 1348 2916 voluptatist

135 2925 218 2989 issi,-
238 2926 267 2979 et
288 2920 446 2993 voluptatis
470 2923 543 2990 edd.)
566 2921 635 2975 Gen.
656 2952 687 2960 -
708 2921 743 2976 17
768 2938 819 2990 pro
837 2937 888 2977 om.
909 2921 943 2974 L.
960 2954 992 2962 —
1012 2923 1142 2979 Vimurco
1163 2926 1191 2982 0.
1208 2958 1240 2966 —
1260 2927 1298 2982 18
1317 2928 1346 2983 in

135 3004 159 3059 'rt
182 3004 286 3071 Pom
315 3032 350 3043 -
378 3003 483 3070 Lucil.;
515 3003 549 3070 of.
583 3005 638 3056 129
669 3000 782 3070 inpuno.
812 3031 841 3040 -
874 3000 912 3056 19
943 3000 969 3056 h.
1003 3003 1149 3072 inpudicus
1182 3008 1212 3060 et
1242 3007 1346 3077 inpune

135 3081 302 3153 supinam
325 3081 388 3137 odd.
410 3083 437 3136 b.
456 3084 475 3136 1.
497 3114 525 3122 -
546 3080 585 3136 20
607 3079 699 3150 Reda,
723 3080 880 3136 vehiculum
900 3081 1071 3151 (vehiculum
1091 3085 1136 3154 ll)
1155 3087 1202 3155 91,
1218 3104 1285 3156 mro.
1306 3089 1345 3144 11.

134 3188 151 3203 ·
164 3160 308 3216 ubieulum
332 3178 384 3215 om.
406 3161 448 3226 0‚·
471 3162 550 3216 habet
568 3160 683 3226 Bamb.;
703 3162 816 3229 punctis
839 3161 889 3215 det.
914 3163 946 3216 in
964 3162 998 3215 H
1000 3183 1010 3228 ;
1032 3181 1066 3219 m.
1086 3171 1106 3220 2
1125 3166 1189 3220 ald.
1209 3168 1241 3220 in
1259 3167 1291 3221 L.
1313 3199 1345 3208 -

134 3240 198 3307 [πως
214 3242 248 3306 es.
265 3245 307 3297 26
323 3241 394 3296 rari.
410 3271 443 3280 —
458 3241 494 3295 ad
515 3242 667 3296 Neronem:
687 3241 722 3293 ad
741 3257 886 3295 uerronem
902 3242 985 3309 psius
1001 3240 1044 3307 G,·
1063 3243 1099 3296 ad
1117 3260 1263 3298 samonem
1278 3248 1347 3315 salt,

134 3324 189 3399 1η.
203 3324 249 3377 26.
264 3349 298 3360 -
315 3337 383 3375 nam
402 3320 426 3376 si
446 3322 505 3376 cdd.
525 3326 573 3377 26.
589 3352 621 3360 —
637 3320 672 3374 he
692 3321 788 3374 redam
803 3318 859 3390 L„·
877 3319 938 3374 heri
956 3336 1006 3376 om.
1025 3324 1085 3377 cdd.
1101 3330 1148 3380 26.
1165 3356 1198 3364 -
1214 3326 1345 3381 haberem
1461 3374 1466 3384 .

134 3396 201 3455 ties
216 3401 276 3456 edd.
295 3405 342 3457 26.
362 3432 399 3442 -
417 3399 466 3456 22.
485 3401 522 3455 28
541 3401 621 3467 Reo.;
644 3416 779 3455 novorum
797 3401 861 3454 odd.
881 3401 934 3471 L„
953 3402 1010 3472 ll„
1029 3404 1144 3474 Bamb.;
1162 3405 1214 3473 pl,
1234 3423 1286 3477 my.
1306 3406 1345 3462 H.

134 3504 149 3517 -
162 3478 287 3536 mosis
309 3481 393 3537 serbo
416 3481 481 3536 boec
502 3486 580 3536 sunt:
608 3477 730 3535 attulisti
754 3479 831 3534 aliud
855 3480 1004 3536 humanius
1028 3484 1126 3539 horum
1150 3485 1345 3554 recentiorum,

134 3570 241 3631 nonam
274 3560 384 3616 dietum
413 3562 449 3616 ab
476 3561 537 3630 ipso
564 3560 628 3627 illo,
662 3562 737 3629 quod
766 3561 861 3617 seiam.
890 3594 923 3602 -
952 3565 988 3617 ab
1017 3565 1075 3620 ullo
1102 3566 1154 3637 ΗΨ
1183 3596 1217 3607 -
1245 3566 1283 3620 ‘24
1311 3567 1346 3621 do

134 3622 174 3695 bb
195 3640 243 3712 Ia„
267 3670 301 3681 ·-
327 3640 366 3696 25
394 3640 439 3696 dis
467 3639 634 3696 Semonibus
663 3641 715 3709 (oet
742 3641 785 3695 his
815 3642 853 3710 S.)
882 3642 960 3712 Lips.
988 3644 1082 3715 Antip.
1111 3647 1185 3701 Leot.
1215 3648 1255 3700 ΙΙ
1257 3688 1266 3713 ,
1295 3651 1346 3722 185

134 3726 170 3775 he
188 3720 319 3776 manibus
343 3720 382 3786 0;
404 3720 482 3775 hisee
506 3721 667 3776 numinibus
691 3721 828 3777 Pretlerus
852 3723 969 3794 Mytlrol.
995 3725 1073 3779 Rom.
1093 3727 1132 3780 ed.
1154 3726 1235 3793 Ipp.
1255 3728 1345 3792 5l;f.

133 3806 170 3857 'ee
181 3800 321 3856 omnibus.
336 3832 371 3841 -
385 3803 456 3856 sinte
470 3802 558 3857 Soet.-
572 3801 650 3856 hisce
664 3800 825 3867 Maniabns3
845 3804 880 3869 cf.
895 3811 1043 3860 estromenta
1057 3806 1197 3860 doctorum
1211 3807 1248 3860 aa
1263 3806 1344 3862 Varr.

135 3876 222 3936 Uet.
241 3880 310 3948 IX,
334 3886 386 3945 61;
413 3881 487 3936 Fert.
510 3899 557 3953 pp.
582 3887 641 3937 129
663 3882 680 3935 l.
700 3879 817 3939 Manias.
838 3913 871 3922 -
891 3882 1014 3938 Cuninae
1034 3884 1114 3947 Ian,
1138 3883 1241 3938 cunina
1260 3885 1288 3938 0.
1312 3917 1345 3927 -

146 3958 286 4016 Ruminae
311 3978 354 4026 o.;
380 3966 405 4016 et
432 3963 473 4016 tiu
498 3962 540 4028 G;
567 3961 676 4016 rumine
699 3960 746 4026 11‚·
773 3978 822 4017 osa.
852 3963 901 4030 L.,
923 3965 955 4017 ia
978 3982 1030 4033 quo
1053 3980 1154 4018 rasura
1176 3966 1268 4034 spatio
1290 3966 1346 4032 sare

133 4052 208 4097 m
229 4042 306 4105 allud
329 4041 471 4111 ruminae,
495 4045 542 4097 seu
564 4048 595 4097 ut
618 4043 698 4097 uliud
719 4042 847 4096 videatur
870 4044 911 4096 ibi
928 4046 1059 4112 scriptum
1077 4045 1175 4111 fuisse,
1199 4061 1254 4098 eac.
1274 4047 1346 4113 quod

133 4135 176 4177 m
194 4125 262 4176 essct
280 4121 376 4177 littera
394 4140 416 4177 r.
432 4153 464 4161 -
480 4124 596 4190 propter
614 4137 731 4188 rumam,
749 4121 779 4175 id
795 4127 886 4176 est-
902 4139 1066 4190 mammam3
1086 4125 1121 4190 of.
1139 4123 1219 4177 Varr.
1234 4126 1267 4178 de
1280 4141 1309 4180 rs
1321 4143 1345 4179 r.

133 4206 200 4268 ‚11,
219 4206 246 4256 5.
267 4230 304 4241 -
323 4200 343 4256 8
363 4203 398 4255 de
416 4201 496 4255 libris
514 4201 549 4254 L.
569 4232 601 4241 -
623 4200 713 4256 seiont
730 4203 866 4270 (ρναεοεά.
886 4207 908 4269 s)
929 4202 976 4265 Μ,·
999 4205 1345 4273 etuto.;1'attquipo-

133 4280 250 4337 ΝΜ
275 4285 309 4336 et
325 4282 478 4337 aelfledam
503 4312 536 4321 -
560 4280 580 4335 4
603 4281 752 4351 appellant
774 4284 814 4338 od.
842 4285 933 4337 Paris.
959 4287 1046 4348 7577;
1069 4282 1196 4352 appellat
1220 4284 1249 4339 0.
1270 4314 1303 4322 -
1327 4281 1346 4338 5

133 4359 213 4417 nnat
230 4361 319 4428 AM„-
337 4359 433 4431 inquit
450 4359 561 4431 (inquid
580 4360 615 4428 L,
636 4361 691 4431 H,)
712 4361 741 4416 0.
