3164 5326
333 343 381 398 DE
401 345 514 400 VARIA
534 344 830 402 SIGNIFICATIONE
849 345 1063 402 SERMONVM.
1093 347 1138 402 lV.
1299 347 1365 412 415

1219 440 1265 480 865.
1279 441 1319 480 266
1333 439 1365 480 u.

57 521 95 570 eo
115 508 245 574 Tullius
275 509 313 574 de
336 509 559 575 Divinatione:
587 533 723 596 quorum
753 511 858 576 studio
882 511 1010 596 legendi
1035 516 1182 576 nostrum
1206 513 1366 577 scribendi

115 617 259 681 studium
293 617 513 681 vehementius
546 616 579 680 in
612 616 680 680 dies
713 619 896 682 suscitatur.
923 619 935 700 l
960 615 1104 701 (litare,
1137 617 1276 682 laudare.
1324 618 1364 682 M.

113 722 241 787 Tullius
278 723 317 787 de
354 724 469 789 officiis
507 724 563 789 lib.
594 723 623 787 I:
662 724 841 807 citcturque
875 722 1014 788 Salamis
1051 724 1250 789 clarissimae
1283 728 1366 790 testis

115 830 281 912 victoriae,
303 852 384 916 quae
408 835 626 915 anteponatur
649 831 784 895 consilio
809 829 947 896 Solonis.
970 826 987 918 ΙΙ

77 948 91 994 1
206 953 345 1001 canania
370 941 420 1002 est
443 959 544 1002 ruere.
583 936 747 1022 Vergilius
771 935 890 1021 Georg.
915 937 970 1002 lib.
994 936 1023 1002 I:

433 1057 485 1113 illa
502 1058 606 1113 cadens
624 1074 738 1113 rancum
758 1074 809 1128 por
827 1057 901 1113 levia
920 1075 1045 1113 murmur

274 1154 343 1193 saxa
360 1139 424 1193 ciet.

112 1248 122 1332 Ῐὶ
146 1244 307 1331 Cadere,
330 1248 481 1313 occidere.
519 1247 683 1333 Vergilius
710 1249 786 1312 Aen.
811 1249 866 1313 lib.
890 1247 937 1312 11:

74 1363 93 1411 5
434 1369 512 1424 cadit
529 1373 557 1424 et
576 1368 709 1440 Ripheus,
728 1369 894 1424 iustissimus
912 1388 983 1424 unus

273 1451 321 1519 qui
340 1448 395 1504 fuit
412 1449 442 1503 in
460 1448 582 1505 Teucris.

112 1560 122 1643 ξΙ
145 1556 305 1643 Cadere,
338 1558 474 1624 evenire.
512 1559 554 1625 M.
582 1559 710 1624 Tullius
743 1561 781 1625 de
814 1560 931 1625 officiis
960 1561 1014 1625 lib.
1042 1559 1107 1625 III:
1141 1568 1187 1645 et,
1216 1567 1252 1625 ut
1279 1562 1363 1625 idem

113 1665 238 1750 dicunt,
271 1688 383 1731 omnes
415 1688 566 1731 numeros
599 1668 698 1731 habet·
730 1688 787 1732 nec
819 1674 947 1750 praeter
980 1667 1160 1751 sapientem
1189 1668 1302 1732 cadere
1331 1670 1364 1732 in

114 1794 311 1857 quemquam
334 1778 451 1856 potest.

56 1891 92 1937 10
204 1895 410 1959 capessens,
434 1880 596 1963 perlicere.
634 1878 796 1964 Vergilius
823 1880 901 1944 Aen.
924 1880 979 1944 lib.
1003 1879 1033 1944 I:

486 2000 557 2055 mihi
575 2002 652 2055 iussa
671 2017 817 2071 capessere
835 2001 877 2056 las
895 2005 946 2056 est.

204 2108 341 2174 Plautus
363 2111 398 2175 in
422 2110 605 2176 Aulularia:

273 2233 304 2287 ln
323 2249 400 2287 erum
419 2234 538 2299 matura,
557 2235 586 2288 ln
605 2248 635 2287 se
654 2249 717 2287 sera
735 2232 870 2288 condecet
887 2236 1039 2303 capessere.

111 2340 124 2427 ll
147 2339 377 2427 Capessere,
400 2344 572 2407 inmittere.
613 2342 746 2408 Plautus
769 2344 804 2408 in
827 2343 989 2408 Asinaria:

55 2460 90 2507 ¹⁵
275 2466 331 2533 quo
349 2464 435 2536 magi'
454 2466 483 2518 te
502 2465 531 2519 iu
549 2465 639 2520 altum
658 2465 789 2534 capessis,
809 2467 903 2521 aestus
922 2467 951 2519 te
970 2466 999 2521 in
1018 2466 1129 2534 portum
1149 2465 1242 2520 refert.

14 2588 18 2595 “
110 2572 123 2655 fl
146 2570 372 2658 Capenate,
395 2576 545 2660 recipere.
582 2575 718 2639 Plautus
742 2575 776 2638 in
801 2575 1052 2680 Amphitryone:

273 2713 346 2750 nunc
365 2698 479 2768 pergam
499 2697 538 2750 eri
557 2697 704 2766 imperium
724 2696 836 2766 exsequi
856 2701 885 2752 et
904 2699 948 2751 me
967 2696 1078 2751 domum
1100 2699 1252 2766 capessere.

204 2821 416 2891 cessonvu,
452 2807 545 2871 sicuti
577 2807 780 2892 plerumque,
810 2807 895 2871 utile.
917 2806 929 2888 fl
951 2804 1209 2884 Commodum,
1242 2814 1363 2892 aptum,

111 2911 318 2978 conveniens.
355 2911 519 2998 Vergilius
543 2914 597 2978 lib.
621 2913 682 2977 XI:

52 3030 90 3077 2⁰
646 3036 827 3090 accommoda
844 3034 945 3089 fraudi.

110 3174 121 3209 :·
146 3144 392 3227 Commodum,
415 3146 587 3230 integrum,
611 3149 726 3209 totum.
764 3143 923 3209 Lucilius:

203 3415 237 3462 so
255 3407 291 3475 11,
310 3414 335 3475 a,
355 3415 370 3460 s
389 3413 399 3479 ι
419 3416 452 3463 aa
472 3409 492 3474 1,
512 3415 554 3474 aa,
574 3412 659 3477 esur
682 3410 701 3474 1,
723 3412 826 3478 roano
845 3410 879 3474 11,
898 3412 1003 3477 caspe
1024 3408 1071 3473 ΙΙΙ,
1092 3415 1116 3474 3,
1138 3412 1242 3478 maro
1262 3408 1281 3474 1,
1302 3415 1334 3462 77
1354 3426 1361 3441 ,.

113 3494 149 3542 ra
170 3486 214 3554 ιν,
236 3494 258 3553 1,
278 3490 367 3556 4214
386 3490 407 3555 1,
425 3497 450 3556 3,
470 3492 510 3557 ει
526 3496 558 3543 ro
577 3490 597 3555 1,
620 3496 642 3557 1,
664 3490 784 3558 106119
803 3492 871 3543 Aen.
892 3488 939 3557 xl,
959 3495 1010 3542 saa
1024 3493 1033 3556 u
1047 3495 1079 3541 a:
1102 3488 1233 3543 Lucilius.

201 3738 240 3793 80
263 3738 356 3792 studio
382 3738 452 3802 Cic:
475 3738 598 3792 studium
623 3739 682 3792 cdd.
705 3769 736 3777 —
757 3740 882 3791 nostrum
911 3739 945 3790 M
948 3760 959 3805 ;
982 3755 1037 3791 non
1061 3738 1122 3806 (seq.
1148 3740 1211 3806 scr.)
1232 3739 1265 3802 (Ι,
1289 3739 1364 3806 Germ

109 3836 204 3874 meum
224 3820 285 3874 ocu.
307 3819 361 3874 otc.
383 3851 415 3858 -
434 3818 469 3873 e1
490 3819 612 3872 studium
632 3836 682 3872 om.
703 3820 737 3872 A.
758 3848 786 3857 -—
806 3818 851 3870 die
871 3818 967 3887 L1.—
987 3816 1139 3871 suscitatur
1160 3818 1196 3871 M
1199 3839 1209 3884 ;
1227 3816 1364 3871 suscitant

109 3901 156 3968 L‚·
182 3901 274 3954 citant
301 3900 374 3964 rell,-
401 3897 535 3952 incitatur
559 3900 618 3953 cdd.
645 3898 700 3952 Cic.
723 3930 752 3936 -
773 3900 883 3966 saepius
905 3899 1054 3966 composito
1075 3898 1107 3949 in
1129 3898 1179 3949 hoo
1201 3900 1290 3964 cupite
1308 3913 1362 3965 pro

109 3981 282 4050 simplicibus
315 3979 480 4033 αάειτεηάαε
511 3980 722 4048 sipnificatt'onis
755 3995 839 4032 corase
871 3978 996 4031 adleibcri
1027 3983 1128 4031 notum.
1159 4009 1189 4016 -
1221 3976 1258 4030 3⁸3
1293 3977 1361 4041 Sal.;

111 4061 228 4130 psalmis
247 4061 308 4115 edd.
330 4090 362 4098 -
381 4057 462 4112 testis
483 4058 591 4127 Oicero;
613 4076 662 4114 om.
687 4059 746 4112 edd.
768 4088 800 4097 -
820 4058 856 4112 33
880 4060 1087 4126 anteponuntur
1105 4057 1177 4123 Gen,
1197 4057 1238 4121 L,
1258 4074 1300 4125 pr.
1321 4057 1360 4110 H.

110 4140 238 4196 consclio
263 4138 345 4209 Geel.
365 4155 490 4207 -quae
514 4157 538 4194 a.
563 4157 585 4192 c.
611 4139 637 4193 S.
662 4155 711 4193 om.
736 4140 778 4205 A,
801 4139 837 4192 B.
858 4170 890 4177 -
910 4155 961 4207 seq.
986 4138 1050 4190 illa:
1074 4137 1241 4191 Contentum
1261 4136 1363 4192 dicitur

110 4223 258 4275 extensum
284 4250 318 4260 -
342 4235 392 4273 cur
414 4220 442 4272 id
466 4223 581 4284 laceret:
608 4221 644 4286 cf.
663 4237 711 4291 pp.
736 4223 792 4274 2⁶4
815 4223 896 4287 finem
920 4221 936 4273 l.
964 4219 1121 4272 contentus.
1150 4249 1177 4256 -
1204 4217 1221 4270 5
1250 4218 1363 4286 ripheos

111 4302 156 4367 B;
178 4300 264 4355 n'fens
289 4299 324 4367 0,
348 4299 414 4354 Gen.
436 4331 467 4340 -
489 4300 503 4353 7
524 4299 560 4354 Μ.
581 4300 667 4365 Tull:
691 4301 727 4367 cs.
750 4304 806 4354 352
820 4317 858 4368 sq.
880 4314 1021 4363 numeros,
1045 4297 1150 4350 modos.
1172 4328 1204 4336 -
1225 4300 1253 4351 et
1268 4305 1363 4366 posteo

109 4381 176 4436 mle.
199 4381 249 4450 Hr·
267 4409 299 4419 -
319 4378 337 4433 8
356 4396 451 4434 omnes
471 4380 541 4449 0504
560 4381 619 4434 cdd.
639 4384 710 4447 353;
730 4381 765 4432 ob
783 4381 809 4434 le.
830 4382 846 4435 l.
868 4411 899 4419 -
918 4379 954 4432 10
973 4378 1102 4447 perficere
1123 4378 1157 4445 L,
1177 4378 1215 4441 ΙΙ,
1235 4379 1303 4443 Gen,
1322 4380 1364 4446 B,-

108 4463 147 4515 ἀι
164 4460 190 4513 G
207 4476 264 4514 non
283 4465 404 4526 constan
422 4461 542 4529 perferre
561 4462 601 4515 ed.
617 4462 701 4521 Bus.;
720 4460 783 4527 Με,·
802 4461 860 4513 ecld.
882 4465 945 4512 unte
965 4460 1074 4512 Aluum.
1093 4457 1163 4509 -ΙΙ
1179 4475 1223 4525 pr.
1246 4459 1312 4513 Gen.
1329 4490 1361 4499 -

111 4539 153 4596 18
170 4556 200 4594 sc
219 4556 312 4594 rerera
326 4540 402 4608 Gom
415 4559 460 4609 pr.
476 4541 514 4595 Η.
531 4572 563 4580 -
580 4542 616 4594 15
635 4542 669 4607 cf.
688 4557 780 4594 comm.
802 4543 832 4594 in
846 4544 902 4595 247
917 4542 933 4593 l.
954 4541 1054 4604 aestus,
1074 4538 1175 4591 marini
1193 4538 1312 4607 inpetus.
1329 4570 1360 4578 -

110 4619 210 4675 reffert
226 4620 261 4674 L.
283 4651 315 4660 -
337 4620 372 4674 17
393 4637 503 4689 peream
523 4620 564 4687 L,
586 4621 636 4691 Hs·
658 4652 689 4658 —
710 4637 757 4673 era
776 4621 856 4688 chq.
878 4650 908 4658 -
931 4618 1028 4687 exequi
1048 4620 1106 4671 cdd.
1129 4619 1189 4686 Pl.;
1212 4635 1363 4686 persequor

108 4701 199 4770 (quod
215 4718 248 4754 es
264 4701 440 4768 praecedente
458 4716 572 4769 pergam
590 4701 643 4755 oid.
661 4703 761 4766 ονειιηι)
777 4700 850 4754 Noa.
867 4731 899 4738 —
914 4700 1007 4753 hiatus
1020 4699 1091 4752 nihil
1104 4699 1183 4752 habet
1196 4699 1361 4764 offensionis.

109 4781 185 4835 nole
198 4780 288 4834 Gaia.
307 4780 459 4848 exsequier,
477 4783 523 4836 cui
541 4786 676 4850 repupaot
695 4798 717 4832 r.
733 4797 766 4833 m.
782 4810 815 4819 -
832 4779 869 4833 le
886 4778 936 4832 Xll
953 4780 1013 4833 cdd.
1029 4807 1062 4817 -
1077 4777 1114 4833 21
1130 4777 1225 4832 Coum.
1242 4778 1361 4832 11801248.
