3164 5326
779 1297 806 1370 I.

466 1474 528 1546 DE
559 1473 673 1546 Vlm
701 1474 838 1546 NONII
867 1474 1122 1547 MARCELLI.

256 1629 382 1695 Nonius
408 1630 579 1695 Marcellus
603 1637 707 1695 terra
727 1632 861 1696 Africa
883 1632 1054 1696 oriundum
1079 1654 1149 1696 sese
1172 1632 1258 1695 haud
1283 1634 1417 1697 obscure

163 1740 345 1803 declaravit
367 1761 435 1822 cap.
455 1737 481 1820 I,
504 1739 559 1801 ubi
581 1737 660 1803 hacc
684 1740 835 1823 leguntur
855 1760 908 1823 pg.
929 1739 984 1803 19:
1007 1740 1132 1819 cosmam
1155 1744 1200 1819 cst
1220 1740 1368 1804 collidam
1391 1744 1419 1802 et

162 1845 258 1926 qrrusi
279 1845 367 1909 suble
390 1847 508 1926 Africa
530 1850 560 1909 et
580 1846 744 1911 urbanum.
790 1846 869 1922 Quis
894 1845 978 1908 enim
1002 1843 1066 1907 nisi
1090 1844 1168 1908 Afer
1192 1844 1299 1928 homo,
1327 1847 1417 1928 isque

162 1950 305 2033 Nonius,
328 1952 387 2017 tali
411 1952 612 2036 etymologia
636 1952 800 2017 uteretur?

258 2058 364 2143 Atque
383 2059 483 2122 etiam
498 2057 671 2123 Parcarum
686 2059 842 2124 beneficio
856 2063 996 2141 cautum,
1015 2080 1062 2139 ne,
1077 2061 1114 2122 ut
1128 2059 1204 2123 olim
1221 2059 1259 2122 de
1274 2057 1417 2134 Homeri,

163 2165 205 2227 de
228 2163 329 2230 Nonii
351 2165 459 2248 patria
483 2166 605 2230 multoe
627 2166 714 2231 inter
738 2189 771 2229 se
795 2169 958 2230 certarent
981 2164 1083 2229 urbes.

257 2270 343 2336 Nam
380 2271 712 2357 Tuburgicensis
750 2271 867 2336 dicitur
902 2269 1071 2334 Harlsiani
1104 2270 1417 2356 Bambergensisque

164 2379 324 2443 librorum
353 2379 575 2462 inscriptione,
604 2377 901 2462 Tiburgicensis
926 2378 959 2441 in
983 2378 1140 2464 excerptis
1163 2379 1213 2442 ed.
1237 2378 1417 2443 Ezechielis

164 2486 357 2572 Spanhemii
380 2486 497 2569 quibus
518 2505 595 2548 usus
616 2490 666 2548 est
685 2485 836 2550 Osannus
856 2484 1085 2549 Analectorum
1105 2482 1299 2549 Criticorum
1318 2486 1417 2550 Bero-

163 2593 223 2658 lini
253 2615 281 2656 a.
311 2592 395 2655 1816
429 2591 588 2656 editorum
622 2592 720 2674 praei.
751 2613 827 2677 pgg.
855 2590 920 2655 VII
938 2613 1006 2677 sqq.
1038 2626 1074 2636 -
1105 2590 1144 2658 In
1172 2590 1418 2657 Guelferbitano

164 2700 232 2782 legi
267 2698 568 2763 Tuburcicensis
605 2699 735 2781 scripsit
770 2698 865 2763 nobis
897 2697 1129 2763 humanissime
1162 2696 1418 2780 Heinemannus3

165 2808 259 2892 prius
283 2807 316 2870 in
340 2827 377 2870 eo
401 2804 500 2868 fuisse
519 2803 820 2869 Tuburticcnsis
843 2803 1041 2868 adnotarunt
1061 2805 1202 2869 editores
1221 2805 1417 2869 Basilienses

167 2912 270 2997 praef.
306 2932 359 2995 pg.
394 2910 450 2975 IV.
496 2910 580 2974 illud
616 2911 913 2975 Tuburcicensis
950 2913 1048 2975 ctiam
1086 2912 1120 2975 in
1152 2911 1234 2976 libro
1268 2912 1418 2976 abbatiae

166 3020 199 3086 S.
226 3019 381 3103 Victoris,
409 3020 464 3102 qui
491 3019 576 3081 idem
605 3024 669 3101 est,
696 3024 805 3082 extare
828 3019 927 3082 refert
950 3019 1164 3095 Quicbemtus
1188 3018 1286 3082 Nonii
1312 3039 1364 3102 pg.
1392 3021 1418 3082 1.

166 3126 373 3210 Quamquam
392 3125 487 3208 ide-m,
506 3147 569 3208 qua
587 3130 638 3190 est
655 3126 834 3209 diligentia,
854 3125 952 3208 praef.
971 3146 1024 3210 pg.
1040 3124 1103 3188 Xll
1123 3126 1266 3189 affirmat
1285 3124 1420 3189 Merceri

167 3256 269 3297 manu
306 3255 343 3296 ex
377 3229 408 3296 S.
441 3229 582 3295 Victoris
619 3233 727 3297 codice
765 3233 955 3296 adnotatum
994 3231 1296 3313 Tiburcicensis3
1334 3232 1418 3315 quod

168 3340 301 3424 quidem
325 3337 419 3402 initio
443 3344 697 3403 commentorum
724 3340 756 3402 in
780 3345 878 3423 caput
898 3338 914 3402 I
937 3337 1095 3402 adscribit
1113 3337 1301 3403 Oolbertino
1326 3339 1420 3403 libro.

167 3443 462 3510 Tiburcicensis
486 3445 583 3508 etiam
609 3447 729 3531 legitur
754 3448 785 3511 in
810 3446 902 3510 Bern.
928 3446 990 3508 347
1016 3450 1049 3508 et
1072 3450 1108 3508 ut
1131 3444 1302 3510 Gordonus
1326 3446 1420 3509 nobis

166 3553 325 3618 indicavit
352 3552 384 3615 in
413 3550 711 3634 Montepessulano,
741 3576 777 3616 ex
807 3576 869 3636 quo
897 3551 1199 3616 Tuburcicensis
1229 3553 1418 3617 adnotatum

167 3686 188 3726 a
212 3660 418 3736 Qnicherato.

258 3765 307 3829 Ex
337 3766 396 3829 hac
425 3765 585 3849 scriptura
609 3765 910 3848 TiburticensiS,
937 3764 1182 3831 Tiburieusis
1210 3766 1329 3849 aliique
1359 3766 1420 3829 orti

169 3894 309 3954 errores,
334 3872 446 3955 quales
475 3873 506 3936 in
536 3871 699 3935 codicibus
726 3872 941 3937 deterioribus
965 3872 1016 3935 vel
1041 3872 1236 3936 editionibus
1260 3872 1420 3955 antiquis-

169 3980 262 4044 simis
283 3980 437 4043 l'eruutur.
475 3979 574 4042 Recte
594 3984 701 4042 autom
723 3983 907 4043 statuerunt
925 3978 1010 4041 docti
1031 3978 1171 4061 patriam
1191 3977 1298 4043 Nonio
1322 3978 1421 4041 fuisse

169 4086 438 4167 Tubursicum3
461 4091 498 4149 ut
520 4089 630 4149 tamen
654 4089 687 4150 in
712 4086 809 4150 dubio
833 4087 1078 4170 relinqueretur,
1102 4091 1208 4149 utrum
1234 4086 1313 4150 illud
1337 4087 1420 4168 quod

170 4193 365 4279 cognomine
394 4197 543 4255 vocatum
572 4198 623 4256 ast
648 4193 745 4257 Bure
771 4229 808 4238 —-
834 4192 866 4256 id
897 4194 930 4256 in
960 4195 1127 4275 provincia
1152 4193 1263 4256 Africa
1291 4213 1421 4275 procon-

170 4301 272 4365 sulari
296 4301 396 4364 situm
416 4335 452 4344 -
471 4320 512 4361 an
533 4299 682 4379 alterum,
705 4298 788 4383 quod
809 4302 859 4361 eat
877 4299 1050 4363 Numidiae
1069 4298 1232 4382 oppidum,
1256 4298 1424 4362 extulisset

170 4411 271 4474 civem
296 4410 434 4472 tantum.
1429 4465 1446 4504 ο

259 4513 383 4578 Nostra
411 4513 538 4576 demum
568 4517 675 4577 aetate
704 4512 916 4595 inscriptione
945 4519 1072 4598 reperta
1102 4516 1134 4577 iu
1163 4515 1223 4577 hoc
1253 4512 1306 4598 (ea
1335 4514 1423 4595 typis

169 4622 310 4709 repetita
333 4620 475 4684 Hermae
499 4620 591 4703 XIII,
615 4620 680 4683 aab
696 4641 743 4702 sq.
767 4624 864 4701 atque
886 4618 980 4702 Corp.
1004 4621 1097 4683 inser.
1123 4620 1179 4682 lat.
1200 4618 1292 4701 VIII,
1311 4618 1424 4703 4878),

170 4754 234 4817 qua
255 4728 383 4795 Nonius
406 4727 535 4810 quidam
556 4728 728 4792 Marcellus
749 4725 920 4788 Herculius
944 4727 1084 4808 plateam
1107 4730 1245 4789 veterem
1266 4727 1423 4789 thermas-

1161 4831 1211 4882 lo*
