3098 5316
478 333 526 389 DE
543 332 767 389 RATIONIBVS
785 332 970 390 aorrrome
990 332 1106 388 HVlVS.
1353 330 1416 395 331

160 494 368 562 bibliotheca
382 497 512 582 publica
524 496 726 563 Berolinensi
741 499 1039 562 transmitterentur
1050 497 1246 580 Petropolim
1264 495 1422 560 editiones

161 599 269 668 Nouii
293 603 386 688 illae,
408 603 525 688 quibus
548 604 688 687 primum
712 626 732 668 a
755 625 822 688 cap.
846 602 894 669 IV
917 603 968 668 usi
991 625 1111 668 sumus.
1158 603 1287 668 Dictum
1312 602 1351 665 de
1374 603 1422 666 eis

159 729 220 795 pg.
235 712 311 776 277.
348 708 417 775 Nec
436 710 560 775 silenda
578 710 613 775 L.
632 708 882 796 Hoermanni,
907 710 1124 776 bibliothecae
1142 710 1298 795 praefecti
1317 709 1422 774 Oeno·

160 819 338 902 pontinae,
369 841 406 884 ac
433 817 468 884 L
496 817 635 903 Ieepii‚
667 818 858 903 professoris
887 817 1134 904 Regimontani‚
1167 816 1282 882 officia.
1310 852 1347 863 -
1376 815 1424 880 At

160 944 251 1008 quos
273 925 468 990 nominatim
491 947 557 990 non
577 925 860 1009 compellamus,
891 947 945 990 eos
969 925 1065 988 velim
1088 924 1208 989 habere
1232 945 1422 1007 persuasum

160 1030 294 1116 animo,
321 1054 387 1097 non
416 1032 540 1097 minore
568 1054 588 1096 a
615 1031 710 1097 nobis
737 1033 837 1098 recoli
860 1033 983 1116 pietate
1007 1033 1151 1117 ipsorum
1175 1031 1207 1094 in
1232 1052 1292 1095 nos
1316 1030 1424 1094 studia

160 1158 266 1221 quam
291 1138 492 1205 relicuorum.
530 1139 639 1225 Atque
663 1140 711 1204 ita
735 1139 850 1224 dignas
874 1140 985 1205 referri
1008 1140 1095 1205 vices
1119 1159 1215 1224 posse
1239 1137 1424 1202 existimavi

161 1245 334 1329 omnibus,
366 1245 422 1330 qui
454 1245 493 1309 de
525 1243 634 1311 Nonio
666 1249 779 1311 nostro
812 1246 894 1312 bene
928 1251 1004 1311 sunt
1036 1246 1160 1330 meriti,
1193 1248 1230 1309 ut
1262 1245 1441 1310 studerem-

161 1351 302 1417 reddere
324 1353 409 1418 hanc
428 1351 608 1416 editionem
632 1356 790 1437 quantum
813 1357 924 1437 posset
946 1353 1016 1417 fieri
1040 1355 1208 1438 optimam.

260 1459 305 1524 Et
328 1460 458 1525 hercule
481 1480 676 1544 quamquam
695 1459 796 1526 Nonii
820 1459 940 1524 librum
963 1482 1029 1525 non
1053 1461 1145 1526 licuit
1164 1462 1330 1544 praestare
1350 1458 1424 1522 labe

162 1566 347 1632 immunem
370 1567 459 1632 omui
479 1588 537 1631 nec
557 1565 807 1633 difficultatibus
827 1568 1011 1650 expeditum
1031 1567 1180 1632 omnibus
1196 1603 1237 1612 -·
1254 1587 1317 1650 quo
1337 1566 1424 1629 enim

163 1694 230 1760 ego
254 1678 351 1760 pacto
373 1695 458 1738 unus
477 1674 570 1757 potui
588 1675 741 1758 perficere
759 1673 844 1759 quod
864 1674 1175 1760 quadringentorum
1197 1694 1355 1738 annorum
1375 1675 1425 1736 tot

164 1782 276 1847 critici
305 1782 494 1846 affectavere
523 1781 667 1847 frustra?
693 1819 730 1828 -
758 1786 868 1847 tamen
897 1783 995 1867 longe
1024 1783 1184 1868 longeque
1208 1781 1296 1866 leges
1320 1800 1425 1843 emen·

168 1887 334 1954 datiorem
358 1909 456 1974 quam
480 1887 623 1972 fuitper
647 1889 777 1954 saecula
799 1889 968 1973 superiora
990 1888 1065 1955 XII.

258 1996 305 2061 Et
327 1994 432 2080 ipsius
455 1994 582 2078 quidem
602 1993 703 2059 Nonii
723 1998 907 2061 commenta
925 1996 1083 2061 tractabis
1103 2000 1259 2081 quantum
1279 1994 1425 2059 libuerit:

166 2107 338 2168 auctorum
362 2122 445 2187 quae
469 2101 575 2166 adfert
598 2102 759 2186 exempla,
786 2124 837 2167 me
860 2102 989 2186 quidem
1014 2103 1041 2168 si
1067 2103 1188 2187 audies,
1212 2102 1326 2166 diurna
1348 2124 1424 2167 noc·

165 2214 331 2295 turnaque
357 2209 503 2274 versabis
531 2229 638 2272 manu.
683 2206 733 2271 Ex
762 2231 825 2292 quo
850 2209 966 2293 duplex
989 2211 1187 2294 percipietur
1211 2209 1424 2274 commodum.

256 2317 345 2383 Nam
364 2316 505 2400 primum
524 2315 695 2400 intelleges
713 2315 878 2381 Romanos
899 2337 1095 2400 quemquam
1115 2316 1309 2400 scriptorum
1329 2317 1424 2381 laude

165 2444 274 2509 neque
302 2425 478 2508 potuerunt
505 2428 608 2507 neque
637 2421 809 2487 voluerunt
838 2445 975 2507 aequare
1000 2421 1153 2507 Graecos,
1182 2423 1289 2488 studio
1314 2426 1424 2497 tamen

164 2531 353 2596 litterarum
372 2532 425 2597 vix
445 2531 553 2595 minus
572 2529 672 2595 fuisse
692 2528 899 2594 admirabiles
914 2553 1011 2615 quam
1028 2531 1124 2595 rebus
1139 2529 1251 2615 gestis.
1288 2530 1424 2596 Duobus

164 2639 293 2724 quippe
316 2639 454 2705 saeculis
480 2659 562 2722 quae
584 2637 716 2701 fuerunt
738 2639 824 2702 inter
844 2638 973 2703 Livium
998 2644 1031 2703 et
1049 2637 1231 2722 Vergilium
1254 2636 1334 2723 (quo
1356 2637 1424 2703 fere

160 2746 328 2831 temporis
361 2746 467 2831 spatio
498 2744 705 2810 continentur
732 2745 808 2810 libri
837 2746 931 2810 allati
959 2769 979 2810 a
1006 2742 1129 2831 Nonio)
1158 2751 1191 2810 et
1219 2746 1424 2831 ingeniorum

159 2853 337 2939 ingentem
368 2853 458 2917 vides
491 2853 682 2937 profluxisse
716 2854 842 2937 copiam
875 2860 908 2919 et
938 2855 1065 2918 litteras
1095 2853 1214 2917 latinas
1244 2875 1263 2916 a
1291 2853 1424 2918 rudibus

157 2959 272 3025 initiis
301 2960 342 3025 ad
370 2981 442 3024 eum
471 2960 594 3024 cultum
619 2959 806 3046 productas,
835 2983 930 3046 quem
955 2982 1067 3025 omnes
1091 2960 1300 3041 admiramur,
1327 2960 1423 3043 idque

156 3089 234 3134 non
253 3068 288 3132 in
308 3076 386 3151 p'ace
405 3069 440 3130 et
459 3067 535 3148 otio,
555 3065 611 3129 sed
629 3068 783 3132 continuo
803 3067 899 3130 bellis
918 3067 1176 3151 tumultibusque
1196 3088 1233 3132 ac
1254 3066 1424 3132 discordiis

159 3175 300 3261 agitata
321 3174 462 3239 civitate.

259 3279 360 3346 Cuius
383 3281 470 3344 enim
493 3281 607 3363 populi
630 3281 758 3348 labores
783 3284 964 3366 aequarunt
986 3302 1050 3362 eos,
1074 3280 1191 3365 quibus
1216 3282 1324 3348 renati
1348 3283 1425 3346 sunt

159 3388 312 3455 Romani
340 3411 360 3453 a
386 3389 450 3452 fine
472 3387 550 3452 belli
573 3385 688 3453 Punici
710 3388 807 3472 primi
830 3409 933 3471 usque
958 3388 997 3452 ad
1020 3388 1164 3472 Augusti
1187 3389 1357 3473 tempora?
1384 3426 1422 3435 -

158 3493 217 3561 Ac
236 3500 349 3559 tamen
367 3493 418 3558 illi
436 3495 520 3558 inter
539 3497 589 3558 tot
609 3493 795 3558 discrimina
812 3515 921 3558 rerum
939 3499 1064 3559 motum
1084 3495 1144 3559 sub
1166 3494 1285 3580 Pyrrhi
1303 3496 1423 3559 bellum

160 3602 367 3682 litterarum,
392 3600 644 3685 disciplinarum,
668 3602 785 3665 artium
810 3623 953 3666 amorem
977 3623 1042 3666 non
1067 3600 1162 3667 modo
1187 3624 1252 3667 nou
1276 3606 1425 3667 attenua·

162 3712 258 3794 runt,
283 3708 396 3774 sedin
420 3709 488 3772 dies
512 3711 678 3772 auxerunt.

257 3815 304 3881 Et
333 3815 395 3881 hoc
427 3815 556 3900 quidem
590 3814 799 3898 quantumvis
832 3815 877 3878 sit
905 3814 1118 3882 admiratione
1147 3819 1294 3903 dignum,
1326 3817 1424 3902 longe

162 3927 281 3989 tamen
309 3923 413 3988 mains
441 3921 523 3986 illud
551 3944 588 3986 ac
616 3921 713 4005 plane
741 3921 886 3987 divinum
914 3927 947 3986 et
975 3922 1080 3988 alieno
1105 3924 1254 4008 exemplo
1278 3945 1424 4010 vacuum,

162 4031 259 4117 quod
283 4030 395 4095 eadem
415 4034 523 4093 aetate
542 4029 825 4094 turbulentissima
844 4051 950 4093 sermo
970 4029 1091 4095 latinus
1110 4031 1157 4095 ita
1176 4035 1226 4095 est
1245 4032 1424 4115 castigatus

161 4144 199 4204 et
229 4137 426 4222 perpolitus,
455 4141 492 4200 ut
519 4141 648 4220 praeter
675 4138 870 4220 gravitatem
899 4138 1032 4202 insitam
1058 4161 1095 4203 ae
1118 4140 1323 4214 maiestatem
1347 4141 1424 4204 reci-

162 4248 263 4333 peret
287 4247 499 4327 venustatem,
525 4244 716 4329 ubertatem,
739 4245 941 4322 varietatem,
965 4244 1101 4329 denique
1126 4268 1238 4310 ornnes
1263 4246 1336 4309 illas
1360 4249 1423 4311 vir·

160 4355 273 4436 tuter,
309 4373 391 4436 quae
423 4351 457 4414 in
491 4372 529 4415 eo
563 4356 638 4415 sunt
670 4352 872 4435 conspicuae.
906 4387 943 4397 -
980 4349 1061 4415 Cum
1094 4352 1154 4416 hac
1188 4352 1334 4416 sollertia
1368 4356 1424 4438 qui

161 4459 368 4543 compararit
381 4458 477 4522 huius
497 4457 618 4522 saeculi
638 4464 670 4521 et
689 4459 864 4542 superioris
884 4460 1081 4542 populorum
1100 4458 1150 4523 vel
1170 4458 1423 4525 cultissimorum

161 4588 308 4651 morem,
335 4565 481 4630 inveniet
508 4565 680 4649 plerosque
708 4565 843 4629 immota
871 4565 922 4629 vel
952 4565 1075 4629 modice
1103 4565 1256 4631 lacessita
1284 4588 1361 4650 pace
1387 4589 1425 4631 ac

162 4673 333 4759 propitiis,
351 4673 379 4737 si
398 4695 457 4757 per
475 4694 582 4737 mores
602 4675 730 4736 nostros
750 4673 869 4750 liceret,
892 4672 941 4736 dis
962 4676 1144 4739 attenuasse
1164 4695 1274 4738 curam
1295 4674 1423 4764 linguae

161 4780 295 4868 patriae
319 4802 454 4867 eamque
478 4781 512 4845 in
535 4780 710 4844 barbarum
734 4781 930 4868 degenerare
953 4802 1076 4870 passos.
