3098 5316
379 281 427 336 Du
446 279 560 335 velun
578 280 871 340 SIGNIFIGATIONE
891 284 1104 340 SERMONVM.
1133 285 1180 341 IV.
1341 285 1407 350 423

1263 379 1309 419 aro.
1324 379 1362 418 au
1377 378 1408 418 Μ.

187 450 295 516 nanctus
323 466 343 507 a
370 442 487 529 Papio,
514 445 600 529 quod
628 447 713 511 inter
743 469 797 511 eos
824 448 896 512 tolli
921 453 1123 517 convenerat
1145 450 1157 533 ΙΙ
1180 448 1408 535 Oonvenire,
1503 526 1509 541 ι

153 563 272 643 :septum
298 572 377 615 esse.
413 549 457 618 M
480 550 605 617 Tullius
633 555 668 617 in
690 553 880 619 Hortensio:
908 577 984 619 nam
1007 557 1093 640 quod
1116 557 1251 640 vereris,
1278 579 1318 622 ne
1343 580 1407 623 non

188 658 328 730 conveniat
349 659 473 723 nostris
497 658 659 724 aetatibus
683 659 747 724 ista
770 662 876 725 oratio
898 684 980 745 quae
999 666 1125 748 spectet
1144 663 1184 727 ad
1203 663 1407 730 hortandum.

192 764 409 857 ,Convenire
433 765 598 851 significat
620 767 750 832 obvium
773 769 852 833 fieri.
890 768 1062 834 Terentius
1084 770 1120 834 in
1143 769 1314 835 Eunucho:

314 887 435 1022 {imni
453 888 537 943 hodic
555 889 708 944 adveniens
727 889 866 958 quendam
886 894 943 944 mei
961 889 1018 945 loci
1035 892 1101 947 tine
1119 891 1211 960 adque
1231 892 1336 946 ordinis

352 985 466 1025 mmem.
520 1025 525 1034 ,

155 1078 415 1167 latomenus,
447 1079 563 1146 videre.
606 1078 649 1143 M.
676 1079 802 1145 Tullius
835 1080 873 1144 de
906 1085 1083 1146 senectute:
1116 1103 1218 1166 neque
1247 1105 1322 1147 vero
1352 1105 1407 1147 eos

190 1188 267 1255 solum
295 1185 469 1251 convenire
502 1208 581 1251 aveo
615 1208 695 1271 quos
730 1187 800 1271 ipre
827 1188 981 1271 cognovi,
1014 1188 1069 1252 sed
1096 1189 1171 1253 illos
1199 1190 1299 1254 ctiam
1327 1189 1366 1254 de
1390 1186 1406 1278 ΙΙ

169 1293 276 1381 :quibus
301 1290 409 1357 audivi
439 1296 472 1357 et
499 1292 564 1378 legi
592 1297 626 1358 et
652 1294 722 1378 ipse
746 1294 933 1380 conscripsi.
960 1332 999 1341 -
1024 1293 1159 1360 Plautus
1183 1297 1218 1360 in
1242 1297 1406 1362 Asinaria:

314 1415 439 1469 aetatem
458 1415 542 1470 velim
562 1415 692 1483 scrveirc,
711 1417 851 1470 Libanum
869 1418 902 1470 ut
920 1416 1082 1472 convenitm
1101 1419 1193 1473 modo.

191 1523 416 1608 'Convenira
439 1524 559 1610 colligi,
582 1525 676 1590 coire.
713 1524 878 1610 Vergilius
903 1527 982 1592 Aen.
1005 1527 1060 1592 lib.
1083 1526 1113 1591 I:

315 1647 494 1715 conveniunt,
513 1646 614 1715 quibus
634 1649 683 1701 aut
701 1647 795 1703 odium
815 1647 927 1703 crudele
946 1648 1065 1718 tyranni.

169 1780 181 1828 5
254 1755 290 1821 M.
315 1755 445 1821 Tullius
477 1757 512 1820 in
538 1755 795 1842 Philippicarum
824 1758 880 1823 lib.
908 1757 975 1822 III:
1007 1759 1057 1823 cui
1090 1759 1217 1843 quidem
1250 1759 1406 1825 hodierno

194 1865 237 1947 die,
257 1867 357 1946 patres
386 1864 574 1948 conscripti,
600 1886 684 1929 nunc
707 1864 793 1928 enim
817 1866 954 1949 primum
978 1865 1025 1930 ita
1048 1867 1264 1931 convenimus.
1281 1867 1292 1950 l
1310 1865 1406 1931 (lon-

194 1969 304 2051 veuire,
326 1972 484 2035 constare.
521 1969 692 2035 Terentius
715 1971 749 2034 in
772 1969 980 2035 Phormione:

317 2132 344 2145 ..
364 2090 514 2147 conveniet
530 2093 671 2160 ndmeros,
691 2094 826 2161 quantum
846 2090 940 2146 debui.

194 2199 419 2285 {convenire
451 2201 589 2266 similem
618 2223 697 2267 esse.
734 2200 838 2266 Varro
867 2200 978 2287 Longe
1006 2202 1093 2288 fugit
1120 2204 1176 2288 qui
1204 2226 1279 2269 suos
1308 2204 1406 2289 fugit:

254 2473 282 2521 :s
299 2466 333 2520 u.
353 2465 427 2520 Tull.
447 2465 597 2521 Hortensio
615 2468 625 2536 ιι
643 2470 677 2518 ev
696 2465 732 2532 11,
750 2471 775 2532 s,
795 2466 883 2534 erro
902 2471 945 2532 ee,
965 2471 1000 2522 sa
1014 2469 1023 2537 u
1039 2473 1052 2519 1
1072 2464 1106 2533 ΙΙ,
1125 2472 1150 2533 s,
1170 2469 1239 2535 spa
1258 2465 1279 2534 Ι,
1300 2473 1351 2522 eor
1365 2471 1406 2538 us

194 2545 225 2614 Ill,
238 2552 257 2613 t,
270 2551 286 2601 t
297 2547 335 2614 ΙῚ
353 2544 376 2613 Ι,
394 2551 421 2614 2,
439 2549 509 2616 tlt
529 2544 617 2601 Varro
637 2545 732 2616 Longe
752 2545 826 2616 fugit
843 2545 891 2614 qui
910 2563 975 2601 suos
993 2546 1075 2617 fugit.

194 2795 215 2849 dr
229 2796 281 2850 tdlo
302 2798 350 2851 cia.
374 2796 408 2863 I,
430 2800 468 2853 42
489 2794 670 2866 probabiliter
693 2795 792 2849 trctari
811 2797 846 2849 A.
870 2794 1051 2850 Schneiderus
1074 2797 1106 2850 de
1127 2795 1180 2850 Sia.
1200 2797 1262 2851 hist.
1282 2798 1407 2866 reliquias

192 2892 221 2945 η.
231 2881 265 2932 24.
279 2907 308 2916 -
322 2875 362 2931 84
380 2878 500 2931 nanctus
516 2877 598 2947 Gen„
611 2876 646 2943 L,
665 2878 696 2929 ire
714 2891 766 2945 quo
781 2880 889 2945 paracta
907 2892 987 2930 erasa
1004 2893 1091 2946 supro
1109 2895 1128 2928 n
1147 2877 1262 2930 alterum
1275 2882 1300 2931 et
1313 2879 1406 2944 infra;

193 2958 260 3009 mter
274 2957 328 3010 rell.
343 2974 411 3012 -a
431 2957 520 3026 Papio
537 2957 612 3012 docti
616 2977 626 3023 ;
645 2962 669 3009 ot
686 2958 728 3010 :tc
747 2955 844 3010 Petrus
850 2977 859 3020 ;
877 2971 895 3008 a
912 2972 988 3025 papo
1008 2953 1032 3009 0
1048 2960 1130 3025 (pape
1145 2958 1238 3026 price,
1255 2962 1287 3011 ut
1305 2959 1368 3025 oid,
1389 2976 1405 3012 o

192 3051 314 3105 moret,
328 3036 385 3105 Η),
406 3037 466 3093 Gerr
484 3054 517 3092 ea
536 3054 621 3101 corr.;
640 3055 657 3090 a
676 3054 750 3106 popo
769 3036 809 3091 cd.
831 3036 976 3100 Tornaea.,·
991 3052 1035 3103 pr.
1053 3036 1127 3103 Gom
1145 3052 1163 3089 a
1180 3035 1305 3106 papippo
1320 3038 1356 3092 B.
1372 3070 1405 3078 —

192 3117 241 3183 quod
260 3118 340 3186 Iaa.;
361 3117 411 3186 qui
434 3117 512 3187 (quid
536 3115 609 3182 Gen,
631 3115 673 3182 B,
693 3132 737 3184 pr.
764 3114 812 3183 H)
834 3115 894 3169 cdd.
916 3147 947 3153 -
968 3114 1005 3171 35
1029 3117 1124 3169 actum
1144 3115 1216 3184 Gerr,
1239 3116 1280 3181 L,
1302 3117 1344 3185 B,
1367 3118 1406 3186 P,-

139 3214 142 3271 ᾗ
190 3196 257 3263 ψη]
277 3196 367 3266 que,
389 3197 430 3253 ed.
454 3198 537 3264 Bas,
555 3213 579 3251 c.
602 3226 635 3235 —
655 3193 684 3248 in
708 3212 739 3249 or
761 3194 906 3249 hortensio
925 3214 971 3265 pr.
995 3195 1029 3251 L.
1050 3227 1082 3235 -
1103 3195 1140 3251 36
1164 3198 1276 3264 spectat
1297 3197 1351 3251 Bt.
1372 3229 1405 3238 —

188 3272 213 3329 tl
222 3276 283 3344 Ter:
296 3279 330 3345 cf.
345 3282 402 3333 324
417 3278 435 3332 l.
450 3277 575 3347 inpurus,
593 3277 739 3346 inprobus;
759 3277 822 3329 item
837 3278 891 3331 359
906 3274 1053 3342 offendere,
1073 3275 1211 3342 invenire3
1230 3293 1284 3345 qao
1298 3279 1406 3346 quidem

186 3352 227 3412 leco
243 3360 342 3429 :propia
366 3357 457 3413 Nonii
479 3359 625 3429 dilipentic
648 3357 845 3426 comprobatur.
869 3386 899 3395 -
919 3355 956 3411 38
976 3357 1056 3410 odiae
1076 3357 1112 3412 A.
1133 3388 1165 3396 -
1186 3357 1326 3424 quendam
1350 3357 1405 3412 mei

184 3432 225 3492 tei
242 3437 300 3495 tino
323 3441 409 3508 atque
433 3437 539 3493 ordinis
563 3439 622 3493 cdd.
650 3437 725 3505 Ter.;
748 3436 804 3490 mei
827 3435 883 3491 loci
908 3438 1046 3505 quendam
1067 3437 1228 3506 (quemdam
1247 3438 1281 3508 L¹
1292 3458 1302 3503 ;
1325 3441 1406 3506 prius

181 3520 321 3584 inondant:
341 3518 418 3587 eea·
435 3517 524 3587 quc)
545 3520 629 3586 atque
648 3517 751 3587 (adque
770 3516 807 3582 L)
828 3515 933 3569 ordinis
953 3516 1073 3581 (ordines
1090 3516 1177 3587 Gera,;
1196 3517 1291 3571 ordine
1305 3534 1351 3587 pr.
1367 3518 1404 3585 L)

180 3590 273 3655 Noa-
286 3617 330 3672 pp.
345 3604 403 3656 324
416 3600 482 3654 saec
496 3600 625 3666 seruntur
639 3599 745 3652 omissis
759 3597 881 3651 relicere:
904 3596 958 3651 mei
972 3595 1028 3650 loci
1043 3601 1127 3665 atquc
1143 3596 1249 3650 ordinis
1264 3597 1404 3652 hominem

176 3672 233 3733 hut
249 3680 390 3750 inpurum:
417 3683 473 3735 359
490 3680 561 3734 talia
579 3679 697 3733 tradita:
721 3677 823 3732 offendi
842 3677 992 3732 adveniens
1012 3678 1151 3745 quendam
1170 3677 1225 3730 mci
1245 3677 1299 3731 loci
1319 3679 1404 3745 atquc

173 3757 261 3814 odinis
285 3759 437 3815 hominem.
461 3790 494 3800 -
519 3758 557 3813 40
585 3758 680 3812 uidere
705 3759 745 3813 bis
768 3776 813 3828 pr.
844 3758 877 3811 L.
904 3788 936 3795 —
960 3758 979 3823 s.
1010 3757 1106 3812 visere.
1131 3788 1161 3796 —
1187 3756 1224 3811 M.
1254 3755 1340 3819 Tull.;
1370 3761 1405 3824 cs.

171 3838 269 3910 2754
291 3856 473 3910 cognoscere,
496 3857 584 3894 nosse.
604 3870 637 3880 -
657 3838 691 3893 41
719 3838 793 3893 solos
807 3854 877 3906 pars
896 3839 955 3892 cdd.
977 3838 1031 3892 Oic.
1053 3869 1083 3876 —
1106 3853 1175 3890 aveo
1195 3854 1217 3891 v.
1238 3854 1283 3905 ap.
1304 3835 1388 3891 Cicer.
1395 3859 1405 3905 ;

168 3910 248 3974 hbeo
267 3921 326 3976 cdd.
351 3919 478 3989 Halmii;
500 3921 570 3975 abeo
594 3920 653 3990 H„
677 3919 718 3986 B,
744 3917 784 3985 G,·
807 3918 843 3971 ab
867 3934 900 3973 eo
926 3917 1018 3983 (icam
1042 3918 1132 3971 habco
1156 3917 1215 3988 H,;
1238 3917 1274 3970 ad
1298 3933 1345 3970 eos
1369 3918 1403 3973 L.

165 4020 200 4041 *-
223 4001 350 4071 cognori,
378 3999 442 4064 sed;
475 4000 657 4070 cognovissed
681 4017 727 4069 pr.
756 3999 797 4063 L;
825 3998 1005 4069 cognovisset
1034 3999 1113 4068 Gen,
1145 4029 1177 4036 —
1205 3997 1221 4051 1
1251 4000 1280 4050 et
1308 3997 1404 4050 audivi

158 4080 219 4137 dd
237 4085 300 4137 276.
324 4112 358 4122 -
382 4080 488 4146 Plaut.;
516 4082 552 4148 cf.
572 4098 620 4150 pp.
645 4085 682 4136 72
707 4081 723 4135 l.
748 4082 882 4147 aetatem,
910 4080 959 4133 abi
981 4084 1055 4133 recta
1077 4079 1217 4147 scriptura
1242 4079 1331 4131 versui
1352 4095 1404 4146 seq.

155 4162 268 4219 vaca.
288 4192 321 4202 -
341 4159 482 4230 Asynaria
504 4162 538 4215 L.
560 4192 591 4201 -
612 4160 630 4214 ‘2
650 4159 781 4226 servans:
804 4176 913 4214 servare
934 4159 972 4226 L,
995 4159 1035 4225 H,
1056 4159 1130 4224 Gera-
1149 4174 1258 4212 servcre
1280 4157 1313 4212 G.
1335 4157 1404 4212 -3

155 4236 299 4298 &uranici
318 4246 356 4311 A,
375 4243 404 4297 B
422 4260 455 4298 ex
473 4259 552 4309 corr„
572 4243 640 4309 Gerr,
659 4242 711 4312 H,
729 4273 757 4281 -
777 4242 794 4295 5
816 4242 844 4294 in
863 4239 994 4308 filippicis
1014 4241 1073 4294 cdd.
1089 4271 1120 4278 -
1138 4240 1156 4293 6
1175 4256 1189 4292 e
1209 4258 1235 4308 p.
1255 4254 1277 4291 c.
1295 4237 1336 4304 (ἔς
1355 4238 1404 4307 epo

150 4318 196 4392 -L,·
210 4324 263 4394 pse
280 4322 341 4394 11„
363 4323 439 4391 (m,-
463 4321 496 4375 Η
513 4339 547 4375 m.
566 4326 586 4376 2
604 4338 692 4390 sup-ra
710 4340 728 4391 p
748 4323 811 4376 odd.
833 4338 847 4375 e
866 4326 891 4375 et
909 4321 940 4373 irc
960 4321 1083 4389 :rrarpr'rce
1101 4320 1272 4387 adscriptum
1290 4319 1349 4388 epm.
1370 4349 1402 4357 -

148 4405 319 4460 adveniens
332 4404 404 4471 Gen,
418 4403 470 4474 H,
488 4433 520 4442 -
535 4420 580 4471 ap.
597 4401 651 4458 Cic.
670 4404 735 4456 lroec
748 4407 826 4456 suat:
846 4399 892 4455 cui
906 4399 1018 4468 quidem
1035 4398 1073 4468 (C.
1091 4399 1202 4453 Caesari
1218 4398 1402 4466 adulescenti)

139 4476 285 4543 hdiemo
318 4485 379 4551 dic,
411 4486 507 4553 patros
538 4481 687 4550 conscripti
716 4484 798 4550 (nunc
828 4479 902 4534 enim
931 4480 1051 4548 primum
1081 4481 1122 4533 ita
1150 4480 1340 4545 convenimus,
1374 4482 1404 4531 ut

145 4594 179 4609 ··-
201 4581 353 4637 ponemus
374 4595 405 4604 -
426 4563 514 4618 libere
539 4560 654 4629 dicere),
679 4561 827 4616 tribuenda
850 4567 893 4616 est
916 4559 1076 4615 auctoritas.
1099 4591 1130 4599 —
1152 4559 1340 4614 convenimus.
1367 4559 1403 4624 cs.

142 4653 283 4705 mnes.
303 4646 337 4699 in
355 4662 380 4699 o.
400 4647 448 4699 20.
469 4674 502 4683 -
521 4641 595 4696 6-8
615 4640 768 4695 convenire
789 4672 820 4680 -
841 4641 940 4695 debuit
957 4641 989 4694 ia
1007 4657 1074 4709 mrp.
1094 4640 1157 4694 add.
1179 4639 1237 4710 H,;
1263 4656 1312 4693 om.
1334 4636 1401 4693 Gen.

139 4758 176 4771 -
195 4726 214 4781 2
232 4728 264 4783 in
285 4723 427 4780 formiona
447 4724 508 4779 cdd.
523 4753 557 4763 —
573 4722 590 4776 8
610 4723 803 4776 conveniet-
820 4721 904 4775 debui
927 4720 985 4776 Ter.
991 4743 1001 4786 ‚·
1020 4719 1198 4776 convenit-
1214 4718 1325 4774 debuit
1342 4720 1401 4775 odd.
