3098 5316
185 328 248 392 148
633 324 768 381 NONIVS
787 326 1001 381 MARCELLVS

180 421 218 459 106
231 419 262 459 Ι.

267 509 425 558 usvmoo,
466 490 571 556 Varro
599 492 695 575 Ταφῇ
720 494 913 556 Μενίππουε
942 489 1015 555 ‘ubi
1038 491 1142 575 lubet,
1165 491 1214 556 ire
1239 489 1322 555 licet

178 599 292 665 bitum.
330 597 475 664 accedel'
514 605 647 663 strenuo
671 599 862 682 sussilimus,
885 598 969 683 quod
993 598 1122 683 esurigo
1145 597 1295 663 findebat
1318 618 1342 662 or

267 723 420 771 uiuorum.
457 704 563 771 Varro
592 704 761 792 Scxagesi:
790 728 825 771 ss
854 707 1054 790 cirumspcxe
1080 709 1178 791 atquc
1202 704 1342 769 inveniar

177 834 249 877 cum
287 813 426 878 dormire
464 814 623 897 coepisset
659 817 728 878 tam
761 812 874 898 glaber
905 835 1003 898 quam
1037 809 1181 879 Socratis
1215 812 1326 895 calva,

177 919 300 985 lbctum
325 919 455 984 ericium
481 941 553 984 cum
576 920 766 1005 proboscide
791 941 808 983 c
831 920 907 1006 pilis
930 916 1023 985 albis.

265 1042 502 1110 cavcrsrcsns,
526 1026 646 1091 dictum
670 1049 690 1090 a
712 1026 792 1093 luce.
837 1026 1007 1093 Laberius:

338 1148 378 1204 sie
398 1151 450 1219 ego
469 1148 604 1219 fulgentis
623 1148 800 1218 splendorem
818 1149 954 1219 pecuniae

334 1230 397 1284 volo
417 1228 575 1284 elucifieara
594 1229 698 1283 exitum
719 1232 820 1284 aetatis
839 1245 925 1285 meae.

264 1356 407 1424 uxruou,
429 1361 488 1424 pro
513 1362 533 1404 a
555 1362 605 1405 me
629 1340 779 1426 exigitur.
825 1338 984 1406 Caecilius
1008 1340 1186 1405 Aeschino:

334 1478 388 1533 ego
405 1462 478 1516 illud
497 1462 588 1517 minus
607 1460 667 1515 nilo
686 1444 783 1532 exigor
800 1462 963 1531 portbriarn.

263 1588 457 1646 uuvnchnu,
482 1594 541 1656 pro
566 1571 690 1637 dulcius
712 1571 827 1637 facere.
873 1571 1023 1638 Mattius:

334 1697 506 1766 quapropter
525 1695 654 1750 edulctre
674 1697 805 1750 convenit
821 1694 909 1749 vitam

333 1777 467 1844 cartaque
486 1774 600 1829 acerbas
619 1773 748 1828 sonibust
766 1774 945 1844 gubernasse.

264 1902 432 1970 novimus,
454 1908 513 1971 pro
537 1906 628 1970 equo.
674 1880 841 1969 Vergilius
865 1883 1097 1971 Georgicorum
1120 1885 1177 1952 lib.
1201 1883 1271 1949 111:

492 2011 577 2075 atque
597 2004 719 2074 equitem
739 2005 857 2061 docuere
875 2007 926 2061 sub
945 2007 1030 2063 muris

330 2086 466 2143 insultare
486 2087 546 2142 solo
565 2088 595 2141 et
612 2104 723 2157 gressm
742 2086 897 2156 glomerare
916 2087 1057 2158 superbos.

259 2197 385 2262 Ennius
411 2197 585 2263 Annalium
611 2196 666 2261 lib.
688 2195 768 2261 VII:

331 2336 363 2374 ac
383 2337 437 2375 non
458 2318 654 2389 quadrupedes
673 2318 789 2387 equites.

260 2541 288 2587 11
311 2533 400 2588 Varro
418 2534 502 2604 Ταφῇ
520 2535 686 2596 Mevianum
706 2532 740 2585 cl.
760 2534 884 2602 commi
899 2539 931 2587 13
946 2532 980 2586 V.
996 2532 1128 2603 Sexagesi
1142 2537 1153 2605 Ι
1168 2540 1202 2589 ld
1218 2532 1342 2590 Laberis

169 2612 276 2748 (ἐῖθὲὲῦ
291 2612 538 2748 ἱξίξῖοῗοξῧαεο)
561 2612 700 2666 Aeschino
718 2615 728 2681 p
746 2617 778 2665 21
800 2611 918 2668 Mattius
937 2613 1127 2683 (mimiambis)
1146 2616 1156 2683 Ι
1175 2621 1213 2670 24
1224 2613 1284 2683 ·111,
1306 2623 1342 2670 11ι

256 2917 289 2971 11
313 2916 461 2987 Minippou
486 2918 522 2987 0;
548 2917 677 2988 Minippu
701 2919 799 2972 Boorb.
820 2949 850 2958 -
872 2917 921 2970 ubi
940 2917 1030 2984 lubet,
1049 2917 1118 2972 licet
1136 2918 1177 2972 ire
1197 2917 1342 2974 accubitos

169 2997 264 3053 Pluut.
285 2998 338 3068 Icpi
356 2999 522 3054 Merruecluu.
543 3004 600 3055 368
619 3000 792 3054 adnotarent
810 2999 897 3062 docte
915 2999 962 3053 sed
977 3000 1120 3068 probabile
1137 3003 1177 3053 eat
1195 3000 1264 3055 haec
1280 3001 1342 3057 aeli

166 3080 233 3133 limo
255 3080 401 3133 sexcenties
422 3080 548 3134 odiribitu
570 3079 726 3134 leominibue
749 3078 892 3134 Romanis.
910 3109 945 3117 —
966 3094 992 3132 u.
1013 3077 1136 3132 libet-
1156 3077 1342 3136 acnbitumd

166 3189 198 3198 -
223 3158 260 3213 12
293 3157 395 3213 accede
423 3158 661 3229 Laurenbcrpius;
692 3158 795 3213 accedo
823 3159 900 3222 cdd.;
928 3174 946 3211 a
972 3159 1039 3213 sede
1068 3159 1205 3214 (Ieterus.
1232 3189 1266 3199 -
1289 3161 1342 3215 stru

165 3238 262 3293 Bamb.
288 3269 319 3278 —
345 3239 475 3308 deemigo
499 3240 546 3307 L„
565 3270 599 3279 -
623 3241 738 3308 questas
763 3239 813 3309 11„
835 3269 864 3278 -
892 3238 928 3293 18
951 3240 985 3305 cs.
1010 3243 1046 3293 Io
1070 3237 1227 3308 proboseis.
1248 3269 1281 3280 -
1303 3254 1331 3295 ss

165 3335 228 3372 cum
242 3321 267 3373 b.
283 3321 299 3374 l.
316 3336 365 3374 orn.
381 3320 442 3374 cdd.
453 3350 487 3359 -
502 3319 549 3375 14.
566 3321 602 3375 lb
618 3321 701 3375 idem:
720 3320 849 3374 Socrates
864 3318 986 3387 galbam
1000 3321 1062 3373 item
1077 3317 1175 3388 opilia
1190 3318 1294 3390 (apulis
1305 3320 1342 3377 a«

166 3400 341 3469 Mordepcas.)
353 3398 426 3453 albis
438 3399 520 3466 (alvis
529 3399 577 3469 L„
588 3400 698 3468 Burraeb.)
714 3417 776 3454 cum
786 3397 953 3468 proboscide
964 3397 1138 3467 (prouoscidc
1148 3399 1198 3470 L„
1207 3399 1342 3469 Boset).-

166 3480 201 3545 cs.
221 3479 288 3535 Gen.
311 3480 355 3547 X,
375 3484 411 3536 17
416 3522 425 3549 ,
444 3485 469 3535 I.
489 3510 521 3519 —
542 3479 720 3546 Elucilicare‚
740 3478 864 3533 lucidare
883 3497 949 3546 mrp.
969 3479 1013 3544 II,
1030 3479 1068 3550 91.
1088 3509 1120 3518 -
1141 3478 1176 3533 12
1197 3494 1254 3550 ego
1271 3479 1342 3547 Galli

163 3559 223 3615 cdd.
256 3558 323 3626 (cito
354 3561 424 3615 mole
452 3561 511 3615 edd.
540 3563 608 3628 vet).
638 3592 669 3600 —
699 3558 819 3629 fulgenti
847 3559 887 3624 L,
915 3559 959 3627 II,
988 3559 1086 3613 Bomb.
1111 3589 1144 3598 -
1173 3559 1342 3630 splendorem

167 3637 233 3695 Gen.
262 3640 468 3705 'formosiorem
491 3639 638 3709 splendore
661 3643 720 3696 cdd.
745 3640 782 3695 N.
789 3661 798 3705 ,·
826 3638 974 3709 splendore
995 3639 1157 3709 (spendore)
1181 3638 1212 3693 in
1236 3640 1302 3698 Gerr
1319 3672 1342 3683 -

165 3718 226 3774 velo
258 3721 317 3775 cdd.
354 3720 422 3777 Gen.
452 3738 498 3789 pr.
532 3721 569 3776 X.
598 3754 631 3761 —
658 3721 823 3776 cluciiecare
857 3721 898 3788 L,
931 3720 982 3790 11..
1012 3751 1044 3759 -
1075 3718 1163 3775 solati
1196 3721 1257 3776 odd.
1285 3720 1342 3778 (seu

163 3805 277 3855 cetarum
309 3803 340 3855 in
372 3801 415 3855 bie
448 3802 569 3857 oucibus
598 3803 731 3868 Gellium,
763 3807 794 3856 ut
826 3803 948 3870 saepius,
981 3803 1110 3856 memorab
1142 3801 1253 3870 lapsum
1282 3818 1342 3873 saep

162 3881 315 3950 edimusque
334 3899 352 3935 a
371 3882 507 3937 Laberio:
527 3882 567 3938 sic
590 3899 643 3952 ego
668 3881 815 3950 splendore
840 3879 977 3950 fulgentis
1000 3880 1136 3950 pecuniae
1159 3879 1226 3937 volo
1248 3881 1342 3939 eludas

161 3959 236 4013 exitu
266 3960 368 4016 aetatis
396 3979 484 4018 meae.
510 3994 542 4003 -
570 3964 605 4017 le
631 3966 666 4029 cf.
696 3963 763 4018 Gall.
795 3962 868 4028 XV,
898 3966 941 4015 11.
1022 3959 1248 4030 Hypobolimaeo
1276 3960 1342 4018 Aesd

163 4040 246 4105 Germ
277 4042 381 4098 Encino
411 4045 471 4099 cdd.
500 4044 573 4098 Non.
600 4074 631 4082 -
656 4043 694 4097 20
722 4040 811 4096 nihilo
840 4042 899 4096 cdd.
928 4041 1019 4107 Non.;
1051 4043 1115 4095 item
1142 4041 1227 4108 Gau,
1259 4058 1342 4117 mc

160 4123 236 4189 apud
263 4123 336 4179 lione
365 4125 426 4178 XII
453 4123 536 4192 nihil,
565 4123 659 4178 nichil
687 4155 720 4163 -
749 4122 783 4177 21
813 4123 848 4188 cf.
879 4122 946 4177 Gen.
978 4122 1055 4190 XV,
1081 4125 1126 4177 25.
1151 4152 1184 4162 -
1214 4121 1253 4177 22
1285 4122 1342 4179 edu

159 4202 219 4255 edd.
244 4201 317 4257 Non.
348 4210 372 4257 ct
398 4203 482 4269 Germ
508 4205 528 4270 s.
558 4202 717 4267 edulcassc;
745 4204 780 4269 cs.
805 4204 891 4268 infra.
918 4233 950 4241 —
974 4201 1011 4256 28
1034 4217 1170 4271 curasque
1195 4202 1281 4269 Gall„-
1306 4202 1342 4274 pb

159 4297 213 4348 que
241 4284 300 4338 cdd.
326 4315 358 4323 -
384 4299 499 4338 acervas
529 4284 580 4354 L„
608 4284 707 4338 Bamb.
735 4313 767 4323 -
792 4284 862 4338 illud
889 4281 1017 4349 senibus,
1041 4298 1096 4352 pro
1123 4298 1179 4352 quo
1203 4282 1328 4339 sensibus

158 4359 241 4429 Gall,
276 4370 442 4433 corruptum.
475 4394 506 4403 —
536 4365 706 4433 gubernasse
739 4365 798 4419 cdd·
833 4364 922 4429 Non.;
959 4362 1114 4432 gubernare
1149 4363 1220 4419 Gell-
1250 4395 1281 4405 -
1308 4364 1342 4423 24

161 4439 228 4496 Gen.
250 4441 384 4511 XVIII,
408 4449 440 4508 5;
459 4461 506 4513 pp.
525 4447 582 4498 295
601 4443 718 4512 equites,
740 4475 771 4483 -
792 4445 880 4500 Gellio
898 4447 979 4500 etiam
998 4460 1064 4500 ussa
1082 4444 1250 4502 Macrobius
1271 4445 1342 4515 Vl,t

217 4539 268 4590 pro
298 4538 387 4590 eoquo
416 4522 467 4592 ΗΓ
494 4554 523 4560 --
550 4522 646 4592 Verg.;
674 4525 708 4590 cs.
737 4528 793 4579 295
821 4523 943 4591 cquitcs;
976 4529 1031 4581 330
1056 4525 1210 4596 insultam
1239 4532 1292 4584 391
1319 4546 1342 4585 or

161 4600 234 4656 burn.
259 4632 290 4641 -
316 4601 354 4655 26
382 4601 443 4657 solo
473 4619 601 4674 egressus
630 4603 676 4673 L,.
703 4636 723 4643 -
763 4603 798 4658 27
827 4603 978 4658 Annalium
1003 4605 1202 4675 Qee'clreratm
1229 4608 1333 4665 ausui

158 4711 191 4719 -
219 4681 257 4735 28
285 4698 319 4736 ac
346 4681 478 4748 domium
511 4686 541 4738 at
568 4684 698 4748 Badin.;
730 4701 766 4738 an
796 4684 824 4739 θ,
853 4716 879 4722 —
910 4686 944 4751 cs.
974 4685 1042 4741 Gen.
1072 4688 1147 4754 quod
1178 4688 1214 4754 Q.
1252 4689 1342 4745 Ennin

158 4758 280 4831 septimo
313 4762 407 4815 annali
442 4764 616 4834 ‘qusdmpcs
650 4767 751 4835 equcs’
785 4785 818 4822 ac
851 4781 906 4819 non
940 4765 1110 4836 ‘quadrupes
1144 4769 1245 4839 ecus’‚
1277 4774 1342 4827 uti
