3098 5316
285 335 333 390 DE
351 335 466 391 vlam
484 334 780 392 SIGNIFICATIONE
800 335 1015 392 SERMONVM.
1042 337 1089 391 lv.
1251 337 1315 401 641

1170 430 1216 468 sor.
1231 430 1270 469 sar
1285 429 1316 470 ss.

50 497 175 582 missa,
195 502 282 564 stare
301 501 479 582 conventis,
497 501 628 566 reddere
648 501 803 585 deposita.
820 499 832 584 ΙΙ
849 499 959 566 Stare
965 551 974 583 ,
993 500 1099 566 valere
1118 503 1152 565 et
1167 505 1316 566 constare

10 610 91 669 oet
116 606 220 670 fixum
245 628 324 671 esse.
360 605 466 672 Varro
488 607 699 690 Flaxtabulis,
721 605 796 689 περὶ
820 605 999 691 ἐπαρχιῶνε
1023 606 1126 690 adque
1145 607 1173 671 si
1192 606 1317 691 addam,

53 713 198 796 quantei
226 714 447 779 misericordia
475 736 547 778 mea
570 713 741 778 heredibus
765 715 845 778 meis
870 718 948 797 stet,
972 716 1053 798 quot
1079 715 1215 779 miseros
1244 716 1317 779 sub-

53 817 248 884 levaverim.
275 856 311 867 -
337 819 504 906 Vergilius
527 819 583 885 lib.
606 819 649 884 X:

225 943 285 997 stat
302 959 354 997 sua
371 942 471 1012 cuique
490 941 559 996 diss.

154 1046 187 1107 ct
209 1043 267 1108 lib.
290 1043 335 1108 II:

10 1164 35 1214 ιδ
226 1168 284 1220 stat
302 1182 383 1220 casus
401 1181 535 1220 renovare
554 1181 658 1220 omnes.

17 1279 35 1327 1
56 1269 69 1358 il
94 1271 189 1339 Stat
211 1276 309 1340 etiam
333 1277 465 1360 plenum
489 1271 505 1364 ΙΙ
529 1278 589 1341 est.
624 1274 767 1340 Lucilius
792 1272 983 1358 Satyrorum
1007 1275 1062 1340 lib.
1087 1275 1129 1339 V:

386 1396 495 1452 interca
513 1397 571 1452 stat
590 1395 708 1452 sentibu'
728 1398 833 1467 pectus.

154 1504 323 1592 Vergilius
345 1507 381 1571 in
403 1506 580 1572 Bucolicis:

227 1629 306 1683 stant
323 1632 353 1683 st
369 1628 491 1699 iuniperi
510 1630 539 1683 et
557 1629 706 1684 castaneus
725 1628 858 1684 hirsutas.

35 1750 53 1800 s
155 1736 263 1804 Varro
286 1736 533 1805 Eumenidibus:

653 1823 774 1894 denique
793 1840 894 1879 avaros

226 1905 275 1973 qni
294 1906 408 1960 sanast?
427 1906 473 1960 cui
491 1906 548 1959 stet
566 1903 653 1959 terrai
670 1903 792 1958 traditus
811 1902 899 1958 orbis:

226 1983 347 2039 furando
366 1990 471 2054 tamen,
490 2003 508 2039 a
526 1985 624 2040 morbo
644 1983 805 2039 stimulatus
824 1984 932 2051 eodem,

227 2081 261 2119 ex
280 2081 340 2119 sess
359 2064 421 2134 ipso
440 2065 547 2134 aliquid
567 2068 686 2134 quaerat
704 2068 843 2135 cogatque
860 2062 963 2134 poculi.

17 2184 73 2255 js
158 2171 295 2238 Sisenna
318 2175 373 2239 lib.
398 2173 510 2240 VIIII:
534 2175 659 2240 caelum
682 2174 835 2259 calligino
858 2177 934 2239 stat.

159 2318 192 2367 40
211 2313 300 2368 Varro
314 2312 490 2369 Flaxtabulis
503 2318 513 2383 l
527 2320 561 2368 42
580 2317 647 2367 Aen.
663 2313 696 2380 X,
712 2317 763 2366 467
777 2315 788 2382 l
801 2319 836 2368 44
850 2314 919 2368 Aen.
934 2314 968 2382 11,
984 2317 1059 2387 idol
1075 2321 1089 2369 1
1105 2313 1228 2371 Lucilius
1242 2316 1261 2372 l.
1276 2316 1320 2388 Vll

90 2391 167 2461 sul,
185 2399 219 2448 68
232 2394 243 2461 Ι
256 2400 273 2448 t
292 2392 382 2448 Varro
401 2393 603 2449 Eumenidibus
617 2395 626 2463 ΙΙ
641 2398 675 2447 10
694 2392 813 2448 Sisenna
834 2393 947 2456 liunx„

23 2494 51 2521 ⁸
159 2517 194 2573 89
217 2520 294 2573 stare
318 2517 390 2583 0ic.;
413 2519 525 2574 adstare
550 2519 654 2588 (praec.
679 2518 707 2584 a)
725 2519 766 2587 B,
792 2517 865 2587 Gen,
885 2519 912 2573 L
931 2522 1037 2590 (mutat.
1057 2521 1237 2591 incestare),
1262 2521 1322 2592 H„-

85 2598 164 2653 uus
181 2598 239 2669 H„
259 2596 294 2652 G.
315 2629 346 2638 -
367 2597 416 2654 ss.
434 2598 473 2654 40
491 2599 586 2654 valere
604 2602 634 2652 et
652 2602 780 2656 constare
799 2601 827 2653 et
845 2600 931 2654 fixum
950 2617 1019 2655 esso.
1047 2602 1105 2656 nisi
1122 2603 1177 2657 duo
1196 2604 1322 2657 lemmata

84 2677 113 2730 is
132 2695 211 2731 uuum
239 2679 408 2746 coaluerint,
434 2679 546 2732 Nouius
574 2678 681 2746 duplici
707 2680 782 2733 uerbi
809 2681 881 2750 quod
907 2686 946 2735 est
969 2681 1099 2735 constare
1121 2683 1323 2751 siouificotionc

80 2756 204 2812 uacuus
232 2759 383 2825 adductus,
410 2766 443 2813 ut
464 2762 587 2831 iunocret
610 2766 666 2813 tam
688 2761 804 2814 diuersa.
828 2790 863 2799 —
887 2779 1045 2830 επαρχιωιι,
1070 2778 1104 2815 m.
1130 2767 1150 2816 2
1180 2781 1324 2830 επαρχιων

76 2834 118 2900 Ιι,
140 2857 268 2907 excom
297 2839 373 2908 θαι,
401 2859 527 2910 εναρχων
554 2840 614 2911 H,;
642 2859 791 2909 επαρχυων
817 2839 876 2910 H,;
899 2844 1047 2909 ἐπαρχιων
1075 2846 1100 2894 ct
1125 2842 1159 2898 G.
1178 2871 1214 2882 -
1232 2841 1322 2897 Varro

74 2911 243 2972 musclis
270 2937 401 2988 επαρχων
430 2922 466 2976 Β.
491 2953 522 2960 -
548 2921 640 2990 adque
663 2921 717 2990 L,;
745 2923 829 2991 atque
857 2922 915 2976 rell.
940 2951 973 2959 -
998 2919 1034 2974 41
1064 2921 1193 2990 quantei3
1224 2922 1323 2991 quanti

73 2991 248 3066 Gulielmium
275 3005 383 3067 quanta
408 3002 469 3056 cdd.
500 3032 532 3042 -
558 3005 627 3070 quot
655 3002 800 3066 Gulielm.;
827 3001 902 3068 quod
930 3002 990 3056 edel.
1014 3031 1048 3041 -
1078 3001 1214 3058 Varronis
1240 3003 1323 3058 outo

69 3079 161 3133 maso
176 3095 214 3134 ass
232 3083 396 3138 assumetur
420 3082 546 3136 iambicis
567 3083 624 3135 siut
647 3082 821 3135 disuibeudo
843 3083 897 3135 sic.-
920 3082 1004 3150 ttqua
1028 3080 1053 3135 si
1072 3082 1188 3150 addam,
1207 3082 1323 3152 quantai

68 3154 263 3215 nisenoordia
283 3166 288 3230 Ι
309 3163 458 3217 heridibus
486 3161 557 3217 mais
585 3164 642 3216 stoc
669 3177 744 3227 mea,
778 3162 847 3230 quot
874 3163 988 3216 miseros
1015 3163 1233 3232 sublevaverim,
1256 3181 1323 3233 pro·

65 3232 156 3294 duda
179 3242 212 3294 is
233 3257 299 3296 mea
319 3243 402 3309 finali
422 3249 535 3312 propter
562 3259 709 3297 caesuram.
734 3272 767 3281 —
792 3239 831 3295 44
854 3242 893 3307 et;
924 3244 969 3296 est
991 3242 1065 3311 Gen,
1087 3243 1129 3311 L,
1149 3243 1202 3314 H,
1229 3276 1260 3284 —
1285 3242 1323 3299 45

64 3327 169 3374 “um
197 3320 231 3377 θ.
258 3352 293 3362 -
321 3323 338 3376 1
367 3321 448 3389 Luc,
476 3323 583 3377 uullom
610 3324 721 3377 omuino
749 3337 861 3376 causam
888 3337 956 3389 esse,
983 3339 1033 3377 cur
1060 3326 1224 3393 exemplum,
1251 3325 1325 3394 quod

62 3403 207 3471 mter,
227 3403 300 3457 idem
321 3419 377 3458 esse
400 3405 583 3457 ecisiimcmus
605 3420 665 3457 cum
689 3418 718 3456 eo
740 3403 813 3471 quod
835 3401 927 3467 adseri
944 3403 1075 3458 Donatus
1093 3405 1131 3459 ad
1149 3404 1211 3460 Ter.
1231 3405 1322 3460 Andr.

63 3472 135 3547 17,
156 3487 251 3551 2,1o
277 3485 377 3538 missa
406 3484 473 3538 ress
499 3489 566 3538 sou
589 3485 654 3537 cais:
682 3484 741 3537 scas
763 3480 887 3536 sanutus
909 3480 1011 3537 funda
1036 3488 1060 3536 et
1083 3485 1114 3536 a
1133 3486 1229 3553 prim
1251 3484 1324 3539 susa

62 3559 196 3617 flentibus
211 3563 347 3618 translate
365 3565 557 3633 accipiendum
574 3566 663 3618 videri
680 3565 713 3618 de
731 3563 806 3618 euris
823 3563 880 3616 iam
898 3562 930 3615 iu
948 3563 987 3617 ed.
1003 3562 1111 3618 Lucilii
1128 3569 1167 3618 est
1182 3565 1323 3618 monitum.

64 3658 105 3677 ···
123 3639 144 3696 2
161 3643 225 3711 stet,
243 3643 291 3698 sed
307 3661 397 3714 supra
414 3660 466 3700 scr.
485 3661 511 3709 a,
532 3644 566 3699 G.
585 3673 618 3682 -
638 3641 657 3696 4
675 3644 710 3710 ef.
729 3643 804 3697 Sero.
823 3643 861 3696 od
879 3643 904 3695 le.
925 3643 957 3707 l.;
976 3642 1081 3698 Donat.
1100 3645 1138 3699 ad
1156 3645 1246 3699 Andr.
1266 3643 1323 3712 IV,

59 3712 164 3783 «216.
181 3752 215 3762 -
235 3722 254 3778 ὅ
272 3728 337 3777 aute
355 3723 428 3777 illud
446 3721 535 3777 Varro
555 3724 571 3778 l.
592 3723 681 3790 Stare,
701 3721 829 3786 existere,
851 3737 910 3776 osso
929 3722 1117 3778 Foreelliuum
1134 3729 1241 3780 secutus
1259 3724 1324 3778 odel.

11 3806 15 3811 '
64 3789 262 3861 “duatus
288 3803 339 3873 qui
357 3803 491 3858 Sisennae
509 3805 659 3873 exemplum
676 3803 708 3855 iu
725 3804 780 3868 fine
798 3802 911 3858 collocat
929 3804 1062 3859 lernmatis
1080 3806 1138 3859 stat
1156 3835 1189 3844 -
1209 3804 1325 3874 plenum

10 3896 30 3969 ζ
59 3876 125 3939 ,ἃ
142 3911 174 3924 -
197 3899 283 3952 neque
303 3889 392 3953 potest
413 3886 511 3954 ueoori
532 3886 574 3938 ito
600 3884 671 3950 sere,
693 3889 723 3936 ut
747 3881 904 3937 Forcelliuo
927 3885 1029 3950 visum,
1057 3885 1160 3939 dictum
1182 3885 1270 3939 uideri
1292 3885 1325 3937 in

17 3962 241 4027 «Μῶα
262 3980 288 4018 o.
311 3967 453 4030 constare,
480 3970 511 4019 ut
532 3965 570 4018 sit
595 3963 678 4017 ‘esse'
703 3980 764 4017 cum
788 3963 883 4031 aliqua
901 3964 1103 4033 siquifieatioue
1121 3965 1324 4019 diuturnitatis.
1407 3970 1412 3978 “

22 4054 43 4087 -'
56 4034 144 4097 'flu
153 4047 246 4098 tmere
260 4044 332 4097 duxi
344 4046 512 4110 uouendum,
525 4061 644 4099 sewosse
653 4048 794 4097 conuictus
804 4042 886 4097 uerba
895 4043 993 4110 Nouii,
1007 4045 1058 4099 ubi
1066 4046 1159 4114 aliquo
1168 4045 1325 4098 uiderentur

10 4106 151 4213 {Ula
167 4138 250 4194 posse
266 4124 388 4179 tubraci
407 4155 443 4165 -
461 4123 564 4190 Varr03
588 4125 624 4190 cf.
642 4123 731 4178 2641.
750 4139 858 4191 cogere.
878 4153 913 4162 —
932 4123 961 4179 6.
982 4124 996 4177 7
1018 4123 1138 4193 denique
1157 4139 1257 4178 avarus
1276 4121 1325 4193 qui

10 4188 206 4272 alebas.)
232 4208 350 4258 sanast?
384 4205 525 4271 Oehlerus,
557 4221 613 4259 exc.
642 4205 714 4274 quod
740 4220 806 4258 scu:
833 4202 897 4272 quis
926 4204 1003 4258 sanu'
1033 4205 1081 4272 ‘st3
1112 4203 1233 4272 denique
1261 4202 1324 4273 quis

108 4278 192 4353 n‘P,·
208 4283 418 4354 Messanam)
437 4303 521 4340 sanus
541 4286 585 4339 est
602 4301 704 4340 avarus
723 4284 783 4338 cdd.
803 4313 836 4323 -
858 4283 979 4352 denique
998 4284 1046 4354 qui
1066 4285 1104 4339 sit
1122 4301 1223 4338 avarus
1242 4300 1324 4338 sanus

104 4362 185 4419 m
208 4378 302 4418 mm.
326 4363 410 4420 Iuor.
432 4381 477 4434 po.
502 4369 553 4433 85,
572 4381 676 4433 parum
699 4365 806 4433 quidem
829 4364 976 4434 eleqauter,
999 4381 1061 4418 cum
1078 4366 1120 4419 ita
1137 4366 1325 4441 post‘tcrtiom

76 4444 161 4499 *in
175 4440 329 4499 mandri
346 4445 468 4515 murder
485 4445 522 4498 sit
540 4445 796 4512 iuterpuuqeudum.
812 4443 906 4497 -oui
924 4447 981 4498 stet
1001 4446 1036 4498 M
1041 4465 1052 4509 ;
1069 4449 1095 4499 et
1112 4446 1154 4499 ita
1172 4443 1247 4512 Gom
1266 4443 1327 4514 H„·

76 4514 117 4573 Ιί
135 4526 180 4580 as
198 4528 229 4580 a
245 4523 290 4589 Β,
308 4524 355 4578 cui
372 4523 398 4578 si
416 4525 474 4578 sur
490 4525 548 4580 rezi.
564 4555 595 4563 -
612 4524 696 4577 terrai
716 4524 846 4592 naam.,·
863 4524 939 4578 terra
957 4522 987 4577 ia
1004 4526 1064 4579 eea.
1080 4525 1147 4580 -s
1166 4525 1326 4591 suasus

76 4602 99 4649 Β
131 4605 194 4661 ess.
214 4602 535 4659 -·morbustimulatus
562 4604 610 4675 L,
630 4635 663 4644 —
687 4606 705 4658 s
729 4621 762 4659 ex
788 4619 847 4658 sese
871 4604 997 4673 etipse,
1024 4605 1071 4659 sed
1092 4606 1142 4660 del.
1167 4609 1209 4673 et,
1231 4603 1271 4657 H.
1291 4635 1325 4644 -

10 4684 204 4820 ῑῆώ,
226 4702 318 4754 aspra
339 4685 371 4739 at
393 4701 445 4741 scr.
463 4684 487 4753 i,
510 4685 546 4738 B.
566 4716 599 4725 -
619 4685 783 4755 cogitatque
800 4685 838 4740 id.
858 4714 892 4724 -
912 4683 949 4738 lo
968 4682 1046 4737 vnn
1064 4686 1107 4753 B,
1127 4685 1200 4753 Gen,
1222 4684 1262 4753 L,
1280 4684 1326 4751 H,-

155 4765 200 4836 G;
218 4765 275 4821 Mc.
296 4795 330 4806 —
350 4763 483 4835 calligino
497 4783 543 4834 pr.
563 4766 604 4833 L;
623 4766 743 4835 caligine
761 4767 819 4820 rell.
1268 4814 1272 4820 .

120 4864 192 4908 lion
203 4866 288 4908 huo.
301 4864 326 4908 (l.
338 4865 368 4908 D.
381 4865 418 4908 so.
430 4865 456 4906 L
469 4865 598 4907 Menum
1077 4860 1111 4908 41
