3098 5316
296 347 343 400 DE
363 345 478 402 veuls
496 343 791 400 SIGNIFICATIONE
810 343 1024 401 enssnouvn.
1052 346 1099 400 lv.
1264 344 1329 407 543

1183 438 1229 478 eei.
1243 438 1284 476 338
1296 435 1329 475 Μ.

161 508 322 574 Afranius
345 508 501 594 Vopisco:

11 624 48 674 25
450 622 581 692 equidem
599 625 628 678 te
647 625 801 693 numqudm
820 621 891 678 mihi

234 704 401 771 parasitum,
420 721 517 758 verum
535 707 665 771 amicum,
684 703 831 773 aequalem
851 704 935 771 atque
955 702 1095 772 hospitem

234 783 408 839 cotidianum
428 785 458 838 et
476 784 584 840 lautum
604 786 750 840 convivtm
769 783 853 839 domi.

162 890 207 957 M.
230 892 358 957 Tullius
381 895 416 958 in
439 893 575 959 Verrem
599 895 727 961 actione
751 893 903 959 secunda:
931 892 1072 958 Romam
1094 897 1131 959 ut
1153 916 1192 958 ex
1216 891 1328 957 Sicilia

68 998 169 1082 redii,
198 1001 333 1064 comites
361 1001 456 1065 istius
485 1005 583 1086 atque
612 1002 721 1083 amici,
750 1001 898 1066 homines
921 1001 1003 1065 lauti
1027 1005 1061 1065 et
1083 1001 1208 1065 urbani.
1233 1037 1270 1046 -
1298 1003 1330 1063 et

16 1104 50 1157 ω
69 1107 134 1186 lin]
155 1105 351 1173 Hortensio:
370 1104 446 1192 quid
465 1107 521 1172 isti
539 1108 640 1193 igitur
658 1108 848 1193 philosophi
868 1108 908 1172 ad
928 1106 1117 1173 Socratem?
1137 1129 1197 1172 neo
1215 1107 1327 1171 dubito

67 1213 160 1298 quin,
186 1215 398 1299 queicumque
421 1216 575 1279 vestitum
595 1215 721 1280 lautum
745 1238 782 1280 ac
806 1216 927 1280 victum
952 1215 1137 1299 elegantem
1159 1215 1328 1299 magnifice

64 1341 179 1404 neque
204 1321 310 1386 minus
335 1344 431 1405 quam
455 1321 582 1386 deceret
606 1323 710 1387 colere
733 1308 942 1388 instituisset.

160 1446 307 1493 Lanuvii
335 1429 499 1514 significat
526 1430 663 1496 tardum.
701 1429 744 1494 M.
769 1429 896 1495 Tullius
926 1429 964 1495 de
993 1429 1182 1513 republica
1205 1430 1260 1492 lib.
1284 1428 1327 1492 V:

62 1532 251 1601 Marcellus
278 1542 316 1600 ut
345 1557 419 1601 acer
441 1542 474 1601 et
496 1557 641 1621 pugnax,
668 1535 829 1602 Maximus
853 1541 890 1600 ut
913 1536 1134 1601 consideratus
1159 1540 1192 1600 et
1214 1536 1329 1601 lentus.

12 1646 44 1701 ὅ
66 1677 110 1689 -
132 1644 219 1708 idem
242 1643 278 1707 in
301 1641 492 1709 Hortensio:
516 1645 603 1709 hunc
627 1642 789 1727 Crassum,
812 1645 866 1728 qui
890 1644 1020 1726 lentius,
1043 1647 1080 1706 ut
1103 1643 1202 1726 scitis,
1226 1643 1329 1707 dicere

23 1755 38 1803 l
61 1748 212 1834 solebat,
235 1744 252 1838 ΙΙ
277 1749 319 1815 ad
342 1750 560 1817 imitationem
584 1751 677 1837 quasi
699 1752 803 1816 nostri
827 1751 955 1837 generis
977 1749 1188 1816 contendisse.
1206 1750 1217 1832 Ι]
1235 1747 1329 1814 Len-

61 1859 168 1942 tum,
193 1878 351 1941 securum,
373 1857 523 1923 otiosum.
561 1856 728 1944 Vergilius
752 1858 786 1922 in
808 1855 987 1923 Bucolicis:

234 1997 286 2035 nos
304 1977 427 2050 patrium
445 1979 583 2048 rugiosam
602 1983 643 2050 tu,
661 1977 767 2049 Tityre,
786 1978 880 2036 lentus
898 1979 927 2034 in
946 1982 1054 2035 umbre.

164 2137 352 2195 aihtronins
371 2139 493 2210 Vopisco
511 2141 521 2210 l
541 2145 575 2195 28
596 2139 631 2207 11,
652 2147 675 2206 l,
694 2146 719 2209 6,
741 2146 773 2196 17
787 2144 797 2212 l
810 2147 845 2196 30
863 2142 900 2196 Μ.
919 2141 1028 2196 Tullius
1048 2139 1200 2195 Hortensio
1214 2143 1224 2210 ΙΙ
1237 2146 1272 2194 33
1290 2139 1329 2196 M.

67 2217 184 2275 ‘Pullius
202 2222 237 2276 de
256 2238 287 2276 re
306 2221 422 2291 publica
439 2222 536 2292 Vtut
555 2220 592 2275 M.
612 2221 721 2276 Tullius
741 2221 891 2278 Hortensio
905 2227 944 2294 12
964 2222 985 2291 l,
1004 2229 1029 2276 4.

166 2381 204 2437 24
221 2380 369 2450 Afranium
388 2383 498 2450 011235
517 2399 608 2437 omnm.
628 2383 659 2435 in
677 2383 695 2438 l.
715 2383 847 2451 aequales
866 2387 932 2437 suut
951 2381 1057 2437 similes
1076 2384 1157 2437 etex
1176 2399 1275 2453 aequo.
1295 2414 1329 2423 -

79 2460 198 2518 Vobisco
211 2480 257 2533 pr.
277 2463 312 2518 L.
333 2493 367 2502 -
386 2461 424 2516 25
443 2462 592 2532 sequidem
607 2480 652 2531 pr.
671 2461 707 2516 L.
726 2493 760 2503 -
778 2479 939 2532 nuncquam
957 2464 985 2516 Β
990 2506 1000 2532 ,
1020 2462 1089 2531 Gen,
1108 2462 1167 2533 His·
1187 2480 1330 2532 nunquam

87 2542 134 2615 H„
156 2574 187 2584 -
209 2542 247 2597 26
269 2543 378 2612 perusti
401 2545 463 2598 tum
481 2560 528 2612 pr.
554 2544 596 2611 L;
622 2544 704 2597 etiam
725 2544 758 2597 in
781 2543 841 2598 Gen
863 2561 918 2599 ras.
940 2550 1001 2612 post
1025 2560 1117 2613 paras.
1142 2574 1175 2584 -
1199 2544 1330 2608 amicum,

10 2644 17 2697 p
90 2624 235 2693 sequulem3
254 2625 468 2693 isrterpunpends'
486 2625 595 2694 operum
609 2629 673 2692 post
691 2622 811 2676 amicum
830 2639 880 2677 om.
900 2625 960 2689 alii,
979 2624 999 2689 s.
1019 2629 1094 2677 recte.
1111 2654 1142 2662 —
1161 2623 1196 2677 27
1217 2624 1286 2678 lant.
1301 2627 1331 2676 et

10 2696 26 2789 f
95 2702 234 2759 murinum
253 2707 316 2770 (om.
337 2705 367 2757 et
383 2703 425 2772 B,
444 2704 517 2770 Gen,
535 2720 592 2758 nen
611 2703 670 2770 Ηο)
690 2704 750 2758 cdd.
772 2733 805 2742 -
825 2703 863 2757 28
882 2704 992 2758 actione
1011 2703 1036 2756 ll
1055 2704 1095 2757 ed.
1114 2703 1198 2768 Bas.;
1216 2720 1273 2758 noes
1291 2703 1328 2755 Β.

38 2790 52 2803 ‘
100 2814 125 2824 -
140 2783 219 2838 Roma
235 2785 299 2839 cdd.
320 2815 351 2822 -
370 2786 421 2839 aut
433 2801 478 2854 pr.
500 2784 533 2837 L.
554 2815 587 2824 -
608 2782 733 2838 Siciliam
752 2784 787 2837 L.
808 2815 842 2824 -
861 2783 899 2838 29
918 2783 988 2837 redii
1007 2782 1034 2835 L
1053 2784 1179 2853 (alterum
1198 2782 1208 2835 i
1225 2789 1329 2852 puncto

31 2878 47 2931 ·,
102 2870 212 2930 mem,
234 2864 282 2919 red
304 2864 336 2918 id
358 2864 484 2933 elutum),
509 2863 569 2933 H.;
591 2863 651 2917 redi
674 2865 732 2918 rell.
756 2881 816 2918 cuni
835 2865 876 2932 A,
896 2864 931 2918 Β.
952 2892 984 2904 -
1005 2863 1122 2918 comites
1140 2862 1222 2917 istius
1241 2865 1327 2932 atque

29 2966 32 2971 ·
106 2945 184 3013 (ditus
205 2947 319 3013 atquem
338 2961 384 3013 pr.
408 2945 449 3008 L;
473 2945 562 3014 ipsius
587 2946 672 3013 utque
695 2945 734 3013 B)
758 2945 854 3011 emici;
878 2961 941 2999 cum
964 2944 1018 2999 iste
1041 2946 1126 3015 atque
1143 2943 1225 2998 istius
1244 2944 1328 2999 amici

107 3025 149 3094 (sq.
159 3041 293 3080 sermones
306 3024 466 3079 huiusmodi
480 3024 675 3095 dissipassent)
690 3026 751 3080 cdd.
768 3024 824 3080 Cic.
835 3027 899 3093 -ί,
914 3025 969 3081 Oie.
983 3026 1107 3095 scripsit:
1122 3040 1183 3078 com
1198 3025 1329 3110 comitem

108 3104 148 3160 aiei
160 3107 245 3174 potius
267 3107 300 3160 iss
317 3107 356 3160 eis
378 3121 448 3176 quae
469 3106 575 3160 traditu
599 3107 664 3161 latet
690 3106 760 3160 idem
782 3108 854 3176 quod
878 3107 977 3176 lepitur
1001 3124 1045 3175 ap.
1070 3104 1124 3160 Oic.
1146 3135 1177 3145 —
1199 3104 1329 3170 comites;

108 3185 143 3255 μ’
154 3201 180 3241 ea
194 3186 299 3241 cohorte
313 3187 457 3257 praetorio
475 3187 588 3253 fumant
607 3186 706 3241 Verris.
727 3216 759 3224 -
780 3187 810 3240 et
829 3185 929 3240 orbani
950 3185 1038 3255 Germ
1058 3188 1086 3239 et
1104 3183 1215 3238 forbani
1231 3202 1274 3253 pr.
1292 3184 1327 3240 L.

10 3286 17 3334 2
67 3314 73 3329 ,
106 3264 174 3320 *Β
192 3265 220 3320 iu
242 3281 330 3336 supra
352 3266 417 3321 edd.
441 3266 473 3320 in
496 3265 530 3321 L.
553 3298 582 3305 -
604 3264 672 3335 quid
696 3264 745 3319 isti
768 3265 856 3335 igitur
879 3265 1042 3336 philosophi
1061 3265 1097 3319 ad
1117 3264 1262 3319 Socratem
1280 3265 1329 3334 M,·

73 3394 77 3401 .
104 3358 160 3413 qma
176 3345 240 3416 (qua
257 3362 305 3414 pr.
324 3342 362 3412 L)
386 3347 431 3401 eet
453 3348 514 3415 (seq.
540 3345 560 3412 i)
585 3343 673 3414 igitur
691 3345 872 3416 philosophia
891 3349 999 3401 socrate
1017 3346 1078 3401 cdd.
1097 3361 1158 3400 cum
1176 3346 1204 3398 Β
1221 3349 1285 3410 (om.
1302 3346 1328 3400 is.

10 3454 19 3471 ι
70 3420 73 3425 ’
102 3420 173 3479 Μαι
194 3427 239 3493 Α).
269 3456 300 3465 -
327 3441 399 3494 quae
427 3426 471 3479 est
497 3425 585 3496 igitur
612 3424 806 3496 philosophia,
836 3425 969 3480 Socrate?
997 3443 1021 3481 o.
1047 3457 1079 3464 -
1103 3425 1140 3480 al
1169 3425 1236 3495 quin
1266 3427 1330 3494 Me,-

66 3536 69 3541 ·
99 3503 157 3571 wid
173 3506 227 3562 edd
245 3537 280 3547 -
303 3505 472 3576 quicumque
495 3504 629 3561 vestitum
653 3508 762 3561 lautum
785 3524 818 3561 ao
841 3507 947 3560 victum
972 3507 1132 3576 elegantem
1157 3505 1225 3570 Me*
1244 3521 1328 3573 quae-

15 3618 19 3623 -
98 3594 199 3655 nuque
219 3589 404 3657 (quecumque
427 3604 471 3655 pr.
490 3587 533 3654 L;
556 3602 686 3656 cumque,
710 3588 832 3642 iunctum
852 3604 912 3642 cum
927 3603 1019 3655 praec.
1040 3585 1121 3654 quid,
1139 3584 1177 3652 Β)
1197 3583 1234 3637 sit
1252 3585 1329 3649 cdd.;

62 3664 66 3671 '
93 3665 409 3729 mhutimacuietim
429 3667 586 3735 elegantem
609 3667 684 3731 Gom
703 3664 804 3719 lentim
822 3682 855 3721 ac
872 3667 988 3721 uictime
1008 3666 1149 3734 legantem
1168 3665 1210 3730 B,·
1229 3664 1328 3718 lautim

93 3752 134 3797 te
147 3744 247 3802 victime
270 3747 412 3816 legentem
436 3746 496 3817 ΗΠ·
518 3746 791 3801 lautimecuihictum
815 3748 966 3816 eligantem
986 3746 1012 3798 L
1018 3769 1029 3815 ;
1052 3745 1152 3800 lautim
1171 3763 1204 3800 ec
1222 3744 1328 3800 victum

84 3818 228 3899 „fantem
253 3828 312 3898 11‚,·
335 3826 589 3882 lautimucuiictum
613 3826 766 3896 eligantem
790 3829 830 3882 ecl.
854 3827 921 3882 Bas.
942 3860 973 3867 —
994 3827 1031 3880 3‘2
1056 3825 1145 3879 minas
1168 3843 1211 3894 pr.
1234 3825 1269 3879 L.
1295 3856 1327 3865 -

61 3908 75 3965 .“
90 3896 187 3963 ΕΜ
202 3907 252 3979 11..
269 3937 303 3948 -
324 3908 436 3963 celebre,
452 3925 494 3976 pr.
514 3908 557 3976 L;
574 3907 667 3962 colore
686 3907 729 3972 B;
749 3906 851 3961 cellere
873 3908 953 3978 Geiq.
970 3936 1001 3946 —
1017 3905 1187 3960 instituisset
1203 3905 1240 3972 Β,
1260 3907 1328 3973 Gen,

86 3976 126 4037 10
141 4002 168 4043 a
184 4004 265 4056 corn,
288 3988 348 4059 H,‚·
375 3987 564 4043 instituissent
586 3989 642 4042 rell.
668 4018 700 4027 -
724 4005 748 4042 e.
772 3995 882 4043 sumere
904 3988 1028 4042 Nobbio:
1055 4003 1106 4040 nec
1130 3984 1228 4040 dubito
1253 3987 1328 4056 quin,

85 4072 269 4139 {tecumque
293 4069 344 4134 sit,
367 4069 475 4123 lautum
500 4069 605 4123 victum
631 4071 659 4122 et
682 4068 840 4137 elegantem
864 4068 1012 4138 magnifice
1036 4099 1069 4109 -
1094 4065 1271 4136 instituisset.
1294 4098 1325 4108 —

68 4152 249 4224 ,Quaque
271 4150 362 4205 lutino
384 4156 450 4204 sunt
472 4167 556 4220 neque
574 4155 693 4218 poss-unt
710 4150 838 4220 intellepi.
863 4181 890 4187 —
911 4150 979 4203 mihi
997 4165 1053 4203 nois
1071 4155 1110 4204 est
1128 4149 1242 4202 dubium
1260 4149 1328 4216 quin

132 4229 213 4286 ionici
229 4231 279 4285 lieo
296 4246 401 4301 quoque
419 4231 477 4284 loco
495 4235 648 4300 inspuetur
668 4249 686 4283 a
707 4230 839 4284 Cicerone.
856 4262 886 4268 -
903 4232 968 4296 fissis
985 4231 1094 4284 videtur
1111 4245 1225 4284 moseres
1239 4228 1329 4283 Nonii

128 4310 169 4383 ’μ
179 4317 288 4380 -puto
301 4311 366 4365 olim
379 4311 465 4377 [ciem
479 4311 578 4365 addita
590 4311 662 4364 velut
676 4311 753 4365 liceo:
770 4308 895 4379 potuerit
904 4312 940 4364 ub
950 4310 990 4364 eis
1001 4308 1074 4364 inter
1083 4308 1223 4379 principes
1233 4325 1326 4363 nume·

128 4388 335 4463 iphilosophos
353 4393 422 4446 siue:
440 4388 565 4461 potnerit
583 4391 623 4445 eis
642 4389 732 4459 magis
752 4391 909 4459 exemplum
930 4406 990 4445 esse
1009 4390 1045 4444 ad
1059 4388 1228 4444 imitandum
1244 4406 1327 4459 quam

120 4474 213 4529 nus.
228 4503 260 4512 -
276 4471 314 4528 88
333 4470 474 4541 desupra
492 4473 557 4527 odd.
576 4473 608 4525 in
622 4471 655 4524 L.
671 4502 704 4510 —
719 4470 757 4525 34
772 4487 836 4524 acer
850 4472 880 4524 et
894 4472 1042 4536 Gruterum
1060 4472 1169 4525 taceret
1186 4471 1288 4540 (praec.
1303 4471 1327 4538 t)

116 4554 188 4611 l-
207 4556 238 4609 et
258 4553 354 4607 lentus
376 4554 416 4607 ed.
440 4571 466 4607 u.
491 4557 581 4619 149&
603 4555 636 4605 ut
658 4552 750 4606 lentus
774 4553 834 4606 cdd.
855 4582 888 4592 -
907 4551 945 4604 at
969 4551 1041 4605 idem
1065 4552 1095 4604 in
1120 4551 1156 4604 M
1159 4573 1170 4619 ;
1193 4551 1268 4605 etin
1286 4552 1327 4605 ed.

112 4635 161 4691 sire.
177 4663 214 4676 -
232 4633 322 4702 hunc;
341 4633 409 4687 tune
424 4649 470 4701 pr.
489 4633 529 4701 L;
546 4633 567 4700 f.
587 4635 646 4686 tum
666 4634 746 4702 (tun).
768 4665 799 4672 -
819 4632 880 4686 sitis
899 4632 937 4699 B,
953 4648 997 4700 pr.
1016 4631 1051 4684 L.
1074 4663 1104 4670 —
1127 4631 1143 4686 1
1164 4629 1263 4684 immit.
1282 4647 1326 4700 pr.

125 4745 158 4757 -
176 4712 264 4785 quasi
286 4730 337 4769 om.
358 4712 394 4768 Β.
415 4743 448 4752 -
467 4717 561 4767 nostro
577 4729 621 4782 pr.
641 4712 676 4767 L.
697 4744 728 4753 -
749 4712 767 4766 2
786 4711 936 4767 mellosum
955 4714 1060 4781 (praec.
1079 4715 1118 4780 m)
1136 4729 1179 4781 pr.
1199 4711 1234 4765 L.
1254 4710 1324 4766 —8

80 4813 166 4872 sisyro
184 4796 230 4862 13;
251 4795 356 4866 Tytere
375 4792 444 4861 Gen,
463 4793 504 4861 H,
522 4810 565 4862 pr.
584 4793 624 4860 L;
643 4793 740 4863 Tytire
758 4794 784 4847 L
801 4810 835 4849 ex
853 4810 939 4863 corr.;
956 4793 1001 4860 A;
1019 4793 1124 4869 Tytyre
1143 4793 1183 4849 ed.
1203 4792 1271 4847 Bes.
