3098 5316
330 309 379 366 DE
397 310 678 378 lusncvunrrvn
696 312 943 369 SAECVLORVM
962 330 986 368 e.
1006 331 1033 383 q.
1053 332 1074 367 s.
1268 311 1334 376 263

71 473 194 561 Nonii,
221 479 277 563 qui
304 476 499 563 capitalibus
527 477 647 542 litteris
675 482 764 542 esset
786 482 936 541 exaratus
960 477 1138 562 ductusque
1162 477 1204 541 ab
1229 498 1335 541 exem-

70 580 163 667 plari
192 586 385 651 correctoris
413 605 546 648 manum
574 606 680 668 passo.
726 583 814 660 Quae
843 606 894 649 res
918 583 1161 649 demonstratur
1183 587 1216 647 et
1238 583 1335 649 ditto-

71 690 227 775 graphiis
255 692 461 777 quibusdam,
489 712 571 776 quae
599 690 761 755 habentur
788 691 823 755 in
851 691 943 754 libris
968 688 1115 774 optimis,
1143 712 1203 756 nec
1226 693 1333 757 minus

69 795 215 883 pulchro
247 797 538 881 Rothiiiuvento,
571 797 626 882 qui
657 796 820 862 intellexit
851 818 906 882 pg.
934 797 999 862 471
1035 819 1058 861 s.
1087 819 1116 862 v.
1148 798 1334 883 polliceri

69 902 188 987 posita
209 904 269 970 illa
291 904 390 970 ‘nam
415 906 454 968 in
479 904 658 970 omnibus
682 904 761 989 legi
784 902 1018 969 rroacrrexuo'
1043 904 1168 970 adiecta
1189 929 1209 970 a
1227 927 1333 991 grem·

70 1011 215 1098 matico,
239 1013 294 1097 qui
308 1017 447 1078 ‘saturae
470 1009 695 1076 Varronianae
719 1011 852 1076 titulum
876 1010 992 1077 vitiose
1016 1013 1171 1095 scriptum
1196 1034 1234 1076 cx
1259 1013 1333 1077 aliis

69 1115 170 1185 libris
193 1118 317 1185 frustra
339 1118 521 1204 quaesisset
543 1118 723 1183 restituere.

167 1225 353 1292 Praemissa
369 1230 447 1292 sunt
467 1226 503 1290 in
522 1225 590 1291 cdd.
604 1224 791 1307 Harleiano,
810 1223 1058 1309 Spanhemianc,
1079 1223 1333 1311 Guelferbitan0‚

68 1330 322 1419 Bambergensi,
335 1333 493 1399 Beruensi
503 1333 567 1398 347
584 1330 1035 1417 aliisquefereha0021ncex
1051 1354 1179 1397 earum
1194 1355 1333 1417 rerum,

68 1460 172 1525 quae
195 1440 267 1506 hoe
289 1440 421 1507 codiee
440 1438 698 1504 continentur.
734 1437 765 1503 N
772 1438 1027 1504 oniMarcelli
1050 1440 1331 1525 peripathetici

67 1542 385 1634 Tuburgicensis
417 1547 460 1611 dc
494 1547 765 1630 compendiosa
796 1545 978 1611 doctrina
1003 1568 1072 1632 per
1099 1547 1256 1611 litteras
1288 1547 1332 1611 ad

64 1649 216 1717 filium.
259 1652 342 1719 Tum
367 1654 466 1719 Index
489 1654 541 1718 vel
564 1653 695 1718 additus
718 1653 768 1717 vel
793 1652 944 1721 omissus.
989 1654 1035 1717 At
1058 1653 1092 1717 in
1115 1652 1332 1739 Lugdunensi,

65 1764 242 1845 spectatae
263 1760 338 1826 fidei
362 1766 460 1845 teste,
486 1761 607 1827 omissa
629 1761 842 1846 inscriptione
865 1761 955 1827 omni
979 1761 1086 1846 primo
1110 1761 1181 1826 loco
1204 1761 1330 1846 positus

64 1862 183 1932 Index
218 1866 305 1934 Hinc
329 1868 416 1934 haud
439 1870 520 1935 levis
544 1869 646 1934 oritur
669 1868 812 1953 suspicio
831 1869 865 1933 in
886 1868 1066 1953 archetypo
1084 1868 1192 1954 prima
1210 1869 1331 1953 pagina

66 1973 255 2059 intercepta
286 1975 442 2041 excidisse
474 1956 607 2041 titulum
638 1977 760 2060 pariter
788 1981 822 2041 et
848 1975 1098 2062 praefationem,
1130 1997 1194 2060 qua
1222 1997 1330 2040 carere

65 2078 313 2167 compendiosa
345 2083 492 2148 doctrina
524 2082 577 2147 vix
609 2087 751 2167 poterat3
784 2104 822 2147 ea
854 2087 964 2149 autem
999 2104 1081 2167 quae
1110 2085 1198 2147 sunt:
1229 2082 1261 2147 N
1267 2085 1330 2147 oni

65 2184 254 2254 Marcelli
279 2226 317 2235 —
343 2211 410 2274 per
441 2189 597 2254 litteras
626 2189 670 2254 ad
698 2189 827 2254 filium
856 2189 906 2254 ab
926 2190 1159 2274 interpolatore
1188 2190 1224 2254 in
1252 2213 1329 2274 apo-

64 2293 233 2381 graphum
256 2291 400 2380 'aliquod
429 2296 590 2361 inculcata
616 2297 683 2360 sive
712 2297 843 2362 aliunde
872 2297 939 2362 sire
968 2297 1053 2382 quod
1080 2297 1117 2361 in
1145 2298 1331 2381 exemplari,

63 2401 158 2467 unde
182 2401 376 2488 archetypus
401 2404 581 2486 duceretur,
604 2404 801 2488 praemissus
826 2408 913 2470 esset
930 2403 1030 2470 Index
1053 2402 1198 2470 Noniani
1222 2404 1329 2489 operis

65 2528 145 2575 cum
170 2508 244 2573 aliis
268 2508 371 2589 libris,
393 2514 430 2575 ut
452 2515 542 2594 puto,
567 2512 787 2595 grammaticis
810 2512 964 2597 descripti
986 2517 1019 2576 et
1041 2512 1118 2577 hinc
1136 2516 1243 2577 tracta
1262 2512 1330 2595 illa,

63 2634 155 2699 quae
191 2637 307 2699 perum
345 2617 494 2682 videntur
532 2622 621 2701 apta:
658 2616 776 2683 lndex
808 2639 936 2683 earum
970 2641 1095 2685 rerum
1128 2642 1225 2706 quae
1257 2621 1329 2685 hoc

63 2720 206 2788 codice
228 2724 488 2789 continentur.
944 2796 946 2801 ,

159 2827 262 2893 Index
294 2833 402 2894 autem
435 2831 639 2915 singulorum
672 2832 815 2914 capitum
847 2831 1057 2916 inscriptione
1090 2835 1231 2919 repetita
1261 2858 1328 2901 non

63 2934 193 3021 ubique
227 2957 301 3001 cum
333 2957 410 3001 cura
442 2937 600 3021 redditus,
637 2938 693 3003 sed
726 2938 779 3002 hic
811 2938 881 3003 illic
915 2940 1140 3024 interpolando
1173 2947 1328 3028 mutatus,

64 3040 205 3127 partim,
228 3044 265 3105 ut
287 3039 425 3126 ridetur,
448 3045 514 3108 iam
537 3045 572 3108 in
595 3045 667 3129 ipso
691 3044 879 3129 archetype.

160 3146 265 3213 Porro
283 3148 318 3213 in
335 3148 398 3214 hoc
417 3151 551 3216 lacunae
570 3158 663 3217 erant
683 3153 806 3237 plures3
826 3158 924 3237 atque
940 3152 1019 3218 adeo
1034 3157 1141 3218 totum
1155 3177 1224 3241 cap.
1239 3157 1326 3242 XVI,

62 3276 134 3341 quo
158 3254 199 3319 de
221 3253 509 3322 calciamentorum
533 3259 705 3341 generibus
730 3261 897 3346 agebatur,
920 3260 1082 3326 haustum.

150 3359 263 3428 Simul
294 3368 326 3429 ct
353 3365 504 3430 turbatus
532 3366 610 3430 ordo
640 3388 764 3451 eorum,
795 3366 882 3431 inter
911 3389 992 3452 quae
1021 3372 1092 3432 crat
1118 3369 1198 3434 illud
1226 3370 1327 3436 inter-

61 3468 225 3555 positum.
269 3470 357 3537 Nam
388 3472 422 3536 in
454 3473 538 3538 libro
567 3472 854 3559 Montepessulano
885 3496 945 3540 nec
976 3497 1042 3540 non
1075 3476 1109 3540 in
1137 3476 1209 3543 Par.
1240 3479 1326 3545 7665

62 3581 172 3665 eaput
193 3579 280 3663 quod
301 3601 388 3644 nunc
411 3584 461 3644 est
482 3579 580 3645 XVII
603 3582 765 3665 praecedit
788 3582 902 3667 quinto
926 3581 1065 3666 deeimo;
1088 3582 1184 3668 idque
1211 3586 1326 3652 melius

63 3704 152 3769 esse,
172 3707 246 3751 cum
264 3686 324 3751 illo
343 3686 557 3772 respiciantur
575 3687 782 3771 potissimum
803 3688 1073 3754 vestimentorum
1089 3690 1224 3775 colores,
1239 3696 1327 3759 recte

63 3790 240 3857 ductavit
262 3792 488 3870 Quichcretus.
532 3793 579 3861 Of.
605 3800 637 3859 et
661 3795 831 3861 commin
856 3796 930 3880 543,
957 3799 983 3862 1.

159 3899 272 3966 Etiam
299 3899 360 3965 VII
383 3903 483 3986 capiti
507 3903 693 3967 commodus
718 3904 823 3989 magis
848 3905 908 3969 erit
931 3904 1022 3969 locus
1046 3908 1122 3990 post
1144 3905 1182 3970 X

157 4003 300 4071 Minores
328 4006 471 4073 iacturae
501 4008 550 4072 bis
574 4013 663 4073 terve
688 4009 816 4075 omissis
841 4012 982 4096 graecis,
1010 4017 1044 4077 at
1066 4013 1197 4098 saepius
1221 4015 1325 4079 multo

65 4113 251 4181 abenendo
266 4115 321 4179 ‘ab
350 4136 414 4179 nno
442 4117 541 4181 verbo
566 4117 606 4181 ad
630 4116 716 4181 aliud
739 4120 873 4201 propter
895 4118 1025 4184 initium
1049 4119 1155 4184 simile
1179 4125 1236 4185 aut
1259 4120 1326 4185 alia

64 4219 279 4289 librariorum
301 4223 510 4308 neglegentia
533 4223 694 4309 originem
713 4227 891 4309 traxerunt,
914 4224 967 4290 hic
986 4225 1054 4290 illic
1074 4226 1173 4290 etiam
1192 4227 1325 4292 chartae

65 4329 152 4397 vitio
175 4329 228 4394 vel
251 4329 495 4396 obscurioribus
519 4332 606 4396 notis
630 4330 822 4396 litterarum.

158 4436 206 4501 At
237 4436 348 4521 glosas
379 4439 465 4522 quod
498 4438 643 4505 videmus
676 4460 773 4523 saepe
801 4440 886 4504 solas
912 4438 1038 4523 positas
1066 4438 1153 4523 apud
1180 4437 1324 4504 Nonium

67 4543 140 4609 siue
162 4541 390 4628 explicatione,
412 4545 445 4609 id
468 4584 505 4592 -
526 4570 546 4612 a
567 4548 679 4631 paucis
699 4548 726 4611 si
746 4546 918 4613 recesseris
939 4582 978 4593 -
999 4544 1086 4610 haud
1105 4546 1202 4610 dubie
1220 4546 1323 4631 ipsius

67 4648 168 4735 culpa
189 4648 322 4733 iactum,
345 4652 401 4736 qui
424 4653 516 4718 velut
537 4653 634 4718 bruta
658 4653 812 4718 animalia
835 4675 946 4719 caecos
970 4653 1112 4736 impetus
1135 4658 1323 4740 sequuntur,

65 4756 118 4823 ia
145 4759 315 4823 auctorum
339 4780 472 4824 suorum
496 4759 626 4843 depasci
649 4759 730 4824 satis
754 4760 869 4826 habuit
891 4759 1155 4844 commentarios,
1183 4761 1263 4826 nihil
1287 4765 1324 4826 ut
