3098 5316
170 305 191 367 2
609 307 745 362 NONIVS
765 306 982 362 MARCELLVS

168 397 214 437 421.
229 398 268 436 422
282 396 314 434 n.

259 467 412 533 Afranius
436 471 471 534 in
494 468 621 535 Omine:

488 590 595 647 amabit
612 591 732 662 sapiens,
752 593 867 662 cupient
885 593 979 648 ceteri.

258 701 474 786 cupidinem
499 725 569 767 curn
595 702 750 768 feminino
773 725 891 788 genere
914 703 1063 785 dicimus,
1086 701 1295 786 cupiditatem
1317 703 1396 788 signi·

168 807 311 872 ficamus.
347 807 525 893 Vergilius:

540 948 611 999 qnae
630 930 700 985 lucis
720 930 828 985 miseris
847 934 906 985 tem
926 930 988 986 dira
1006 929 1128 1001 cupido?

167 1061 241 1103 eum
266 1040 455 1125 masculino,
479 1040 573 1105 deum
598 1042 713 1125 ipsum.
750 1041 886 1106 Plautus
910 1040 1103 1106 Mercatore:

753 1161 869 1234 Cupido,
889 1165 1009 1232 quintus
1027 1168 1070 1218 esl

256 1271 399 1337 Naevius
423 1273 647 1357 Gymnastico:

327 1395 427 1464 edepdl
447 1394 563 1465 Cupido,
582 1399 642 1451 tam
661 1395 802 1467 pauxillus
821 1399 884 1451 cum
904 1395 952 1465 sis,
970 1393 1052 1449 nimi’
1073 1395 1195 1449 multum
1214 1395 1299 1450 veles.

256 1522 345 1586 Inter
364 1541 480 1587 aurun
500 1528 532 1588 et
551 1542 718 1590 malem
737 1524 799 1590 boc
817 1524 960 1606 interest,
981 1523 1066 1608 quod
1086 1545 1215 1587 amare
1233 1525 1298 1588 rim
1315 1523 1392 1589 habet

167 1630 336 1712 maiorem,
364 1630 530 1716 diligere
559 1636 666 1696 autem
695 1635 745 1696 est
772 1631 875 1695 levius
902 1652 1020 1694 amare.
1057 1627 1171 1696 Cicero
1200 1630 1241 1696 ad
1265 1630 1391 1697 Brutum:

166 1736 213 1800 sic
245 1735 346 1820 igitur
377 1736 476 1802 facies
509 1742 543 1802 et
574 1760 625 1802 me
657 1743 715 1804 ant
746 1738 872 1803 amabis
905 1741 975 1822 ant,
1008 1737 1096 1823 quod
1127 1741 1300 1804 contentus
1328 1750 1423 1821 suma

166 1842 292 1928 diliges.
311 1881 345 1890 -
370 1849 402 1907 et
421 1845 476 1909 lib.
495 1843 607 1908 Vllll:
628 1844 745 1909 Lucius
765 1844 906 1928 Clodius,
924 1844 1073 1910 tribunus
1092 1843 1198 1929 plebis
1217 1844 1390 1929 designatus,

147 1950 260 2014 ¹valde
283 1973 334 2015 me
358 1951 467 2035 diligit
491 1953 550 2036 vel,
574 1956 609 2015 ut
632 1951 898 2036 ἐμφατικώτερον
921 1952 1036 2036 dicam,
1059 1951 1154 2016 valde
1178 1974 1229 2016 me
1253 1958 1339 2018 amet
1357 1989 1388 2002 -

165 2056 250 2122 idem
284 2058 325 2122 ad
358 2057 578 2123 Dolabellam:
611 2060 683 2144 quis
716 2063 785 2124 eret
813 2060 868 2144 qui
895 2061 1026 2143 putaret
1049 2053 1066 2146 ΙΙ
1090 2057 1131 2122 ad
1161 2080 1235 2125 eum
1263 2071 1410 2144 amorem!

257 2329 289 2377 19
308 2322 438 2378 Afranius
459 2324 556 2380 Omine
574 2328 584 2394 ΙΙ
602 2331 635 2379 22
655 2324 723 2380 Aen.
743 2324 790 2392 VI,
810 2330 860 2379 721
879 2327 942 2393 Μ
961 2322 996 2392 V,
1014 2328 1040 2392 t,
1061 2326 1118 2393 l³l
1137 2329 1171 2380 26
1190 2322 1308 2379 Naevius
1323 2322 1386 2392 Gyn-

165 2402 275 2457 nastico
290 2403 316 2455 ll
330 2407 340 2472 l
353 2411 387 2459 29
403 2404 500 2460 Cicero
514 2406 550 2459 ad
565 2405 681 2459 Brutum
696 2409 705 2473 l
720 2411 751 2458 ³1
769 2404 824 2460 Cic.
840 2404 875 2458 ad
891 2406 967 2459 Brut.
981 2404 1029 2460 lib.
1045 2402 1082 2458 l'X
1097 2404 1132 2474 (l,
1149 2412 1173 2473 1,
1189 2409 1229 2473 1),
1249 2405 1280 2460 el.
1293 2420 1374 2459 eumn

167 2491 179 2536 1
201 2483 297 2538 Cicero
317 2484 354 2538 ad
374 2485 550 2540 Dolabellam
569 2485 668 2556 (Epist.
690 2484 736 2553 lX,
756 2491 798 2552 14,
817 2490 854 2554 ὅ).

258 2738 294 2791 lu
314 2755 395 2791 omne
416 2756 460 2805 pr.
484 2738 518 2791 L.
540 2768 568 2775 —
591 2735 620 2788 in
640 2734 746 2789 Omine.
771 2737 848 2805 opud
866 2736 939 2790 Serv.
962 2736 1042 2791 baec:
1064 2734 1198 2790 Afranius
1216 2734 1317 2790 uerarie
1331 2735 1384 2789 aliur

165 2821 208 2870 ost
230 2834 309 2870 amor
333 2818 404 2870 alius
429 2817 530 2886 cupido
555 2819 651 2870 aurant
675 2816 813 2884 sapientes
838 2816 952 2884 cupient
976 2817 1070 2872 ceteri.
1100 2818 1133 2872 iu
1156 2818 1255 2886 quibus
1272 2816 1382 2870 Cincrario

160 2915 215 2965 pru
239 2899 348 2952 ueraria
373 2898 498 2968 lusum
521 2905 584 2967 post
609 2898 711 2967 cupido
734 2899 874 2950 linarium:
897 2895 970 2950 idum
995 2897 1023 2950 in
1048 2895 1148 2952 Omine
1172 2899 1319 2966 suspicatur
1334 2897 1380 2951 na

165 2979 278 3032 beotius.
306 3010 336 3018 —-
362 2979 400 3033 ‘20
424 2979 531 3032 amobit
553 2980 593 3048 H,
605 3001 615 3046 ;
639 2980 718 3042 Ald.;
741 2979 789 3046 qui
809 2977 917 3044 primur
939 2978 988 3032 buc
1010 2979 1123 3046 eccmpl.
1147 2978 1270 3043 addam
1290 2978 1379 3047 Appula·

164 3059 278 3127 Apolop.
303 3076 362 3128 cup.
390 3061 457 3112 XII
461 3080 470 3122 ,·
496 3059 586 3113 ambit
605 3059 644 3124 L,
663 3059 722 3129 11„
741 3059 780 3123 (1';
804 3061 899 3110 ament
918 3058 1059 3126 sapientes
1078 3058 1120 3112 cd.
1139 3057 1216 3112 Sera.
1234 3087 1267 3098 -
1283 3057 1316 3112 24
1331 3074 1376 3111 ncr-

164 3141 288 3192 cutorcm
304 3140 337 3192 L.
354 3171 386 3180 —
403 3140 440 3193 Ξῖ)
459 3140 595 3209 occupido
611 3140 638 3192 B
652 3157 696 3209 ap.
717 3139 760 3191 Pl.
780 3138 891 3206 (cupido
909 3140 992 3206 rell.);
1012 3144 1081 3192 recte
1096 3138 1248 3193 Gamerae:
1266 3135 1373 3206 oCupilo.

67 3212 73 3221 ’
165 3224 348 3288 -quamtus
368 3237 412 3288 pr.
437 3220 470 3273 L.
492 3251 522 3259 —-
543 3220 581 3273 26
604 3218 709 3272 Neuius
735 3220 763 3271 0.
784 3249 816 3257 —
836 3217 872 3271 2¹7
893 3219 986 3287 etepol
1005 3219 1038 3272 L.
1059 3249 1093 3258 —
1112 3224 1174 3273 tam
1193 3217 1371 3288 pauxillusun

163 3298 200 3351 sis
231 3301 266 3352 M
271 3323 281 3368 ;
312 3306 337 3354 el
364 3304 418 3366 ila,
446 3318 501 3356 exc.
530 3303 602 3369 qaod
630 3297 765 3368 pausillus
793 3300 902 3366 scribit,
929 3299 1070 3367 Huvetuc,·
1101 3315 1167 3353 cum
1194 3302 1250 3353 tarn
1276 3297 1368 3368 pranulus

162 3381 312 3447 (prurxillus
331 3380 389 3449 H,.·
413 3381 558 3449 paulillus,
582 3387 638 3434 tum
662 3378 811 3449 paucillus,
833 3397 876 3446 pr.
897 3380 938 3441 ],‚·
959 3379 1078 3449 pusillus
1097 3380 1176 3446 Ald.)
1194 3380 1231 3433 sis
1249 3379 1275 3433 0.
1293 3410 1316 3418 -
1331 3394 1366 3430 uu

163 3464 222 3512 tum
237 3461 273 3513 sis
288 3458 429 3529 pauxillus
445 3462 611 3515 Belbina-
629 3461 677 3515 ‘28-
693 3461 730 3514 ⁸29
745 3463 778 3526 us.
795 3462 862 3514 isid.
878 3461 975 3527 Differ.
991 3465 1027 3515 17
1031 3482 1041 3527 ,·
1056 3460 1134 3529 apud
1147 3476 1224 3528 quem
1233 3457 1364 3528 proeteriit

164 3542 313 3608 exemplum
333 3534 454 3609 primuni
474 3557 507 3593 uc
526 3542 634 3594 tertium
654 3543 741 3606 fertur
761 3542 875 3594 alterum
894 3557 927 3593 es:
945 3541 1063 3595 ciusdem
1082 3541 1120 3594 acl
1139 3540 1258 3594 Brutum
1273 3538 1363 3607 quw:

164 3621 224 3673 vale
253 3624 282 3673 ct
312 3640 362 3675 uos
390 3638 454 3673 omo
478 3622 522 3674 vel
547 3621 570 3674 si
595 3620 622 3673 id
647 3619 728 3674 nimis
753 3626 796 3674 est
820 3620 920 3688 ‹lilige3
948 3638 1016 3689 quae
1037 3621 1122 3674 verba
1145 3621 1249 3690 ecpuld
1268 3619 1361 3677 Bellen,

162 3703 276 3754 retinuit
300 3701 335 3754 11'.
361 3702 389 3755 Ο.
416 3702 450 3754 (τ’,
477 3702 636 3755 Muellerus.
673 3718 739 3754 sanc
762 3703 918 3765 dolendum,
941 3701 1014 3769 quod
1035 3701 1162 3755 mum
1185 3705 1256 3755 catut
1271 3699 1359 3766 Iliffrr*

162 3782 263 3833 liu-rum
292 3782 375 3834 alitio
402 3787 461 3835 orto
487 3784 564 3847 suctu
593 3786 617 3834 ct
640 3784 685 3834 cui
705 3785 794 3849 possis
817 3782 929 3835 credere.
950 3811 983 3820 -
1006 3787 1076 3835 recte
1099 3782 1266 3836 adnotarunt
1282 3778 1358 3848 pute

79 3915 80 3919 ,
163 3861 313 3928 aliquando
331 3867 355 3912 rt
375 3860 492 3928 diligere
511 3864 562 3915 vim
583 3863 679 3915 babere
697 3863 825 3914 erratorem·
843 3878 924 3930 quum
943 3877 1047 3929 amare,
1066 3878 1129 3916 cum
1148 3862 1218 3915 allud
1233 3862 1267 3914 sit
1280 3856 1357 3921 ruunt

160 3941 210 3993 lece
233 3944 383 4008 opperitus,
408 3944 488 4010 idque
511 3944 600 4010 ipsius
621 3943 757 3996 Ciceronis
780 3943 941 4009 quibusdam
965 3943 1142 4010 comprobari
1157 3940 1355 4010 ampla-a

160 4037 257 4088 operae
274 4025 392 4088 pretium
412 4030 447 4075 ecl
467 4024 588 4088 crmferrc
607 4023 759 4090 rlupuslini
778 4023 810 4075 de
828 4022 877 4074 civ.
899 4022 944 4075 dci
962 4022 1008 4075 lib.
1030 4021 1115 4074 XIV
1132 4038 1191 4090 cap.
1212 4027 1235 4077 7.
1253 4052 1280 4060 -
1294 4016 1355 4071 ulo

161 4102 207 4168 14.
230 4132 260 4139 —
282 4103 350 4155 Ciu:
375 4104 408 4167 cf.
433 4106 503 4166 :ld-l,
523 4107 591 4169 deq.
616 4103 706 4168 ibique
729 4107 864 4155 comment.
886 4132 917 4140 -
938 4101 976 4154 30
999 4117 1063 4155 mea
1086 4105 1119 4155 ut
1142 4102 1180 4155 H.
1200 4130 1232 4139 -
1249 4096 1306 4168 quod
1320 4094 1354 4150 ul

159 4181 184 4232 le.
205 4182 224 4234 l.
241 4196 302 4234 (cur.
319 4181 371 4247 Lu·
391 4181 456 4247 quid
476 4183 602 4248 ld.20'1l;
620 4181 669 4233 ubi
687 4198 749 4234 reos:
768 4182 828 4248 qui,
848 4184 888 4235 ed.
903 4199 928 4235 a.
944 4185 1030 4236 1476.-
1050 4197 1120 4250 qno;
1139 4182 1185 4235 sed
1200 4173 1354 4249 potentotm'

160 4262 232 4315 illud
249 4263 337 4329 quod;
363 4262 396 4326 cs.
420 4263 545 4314 Ji'ucmrri
562 4279 675 4330 prorum.
695 4263 742 4315 lul.
765 4263 897 4328 11,212.
919 4290 951 4299 -
971 4266 1073 4315 contus
1092 4260 1128 4316 G.
1147 4291 1182 4301 -
1199 4260 1233 4315 tl
1253 4260 1291 4313 lib.
1303 4250 1354 4308 llll

159 4359 203 4408 up.
225 4342 281 4396 Cic.
306 4348 343 4394 est
367 4342 433 4394 libri
456 4343 493 4394 ud
511 4342 632 4395 Brutum
655 4344 773 4411 epistula
792 4344 893 4410 prima.
921 4357 1052 4413 numana
1069 4348 1210 4411 senpectas
1226 4356 1293 4409 eoque
1304 4334 1355 4404 ras!

159 4439 219 4474 cum
238 4423 316 4475 rrrcllu
338 4423 403 4474 libri
421 4428 486 4474 uoto
500 4424 657 4489 praecedet.
692 4440 757 4476 narn
776 4441 809 4476 uc
827 4424 858 4475 iu
876 4439 899 4475 v.
920 4427 959 4476 29
978 4422 1076 4475 citium
1095 4423 1181 4476 inesse
1198 4422 1289 4486 medes,
1301 4426 1356 4471 eum

158 4503 260 4569 cibatui,
284 4504 356 4570 quaed
380 4505 463 4555 etium
483 4520 529 4572 pp.
549 4507 605 4557 264
629 4504 729 4575 lepitur
751 4502 788 4554 M.
808 4501 916 4555 Tullius
940 4501 976 4555 ad
998 4500 1126 4557 Brutum.
1147 4533 1179 4541 -
1198 4504 1219 4567 f.
1240 4502 1292 4555 olim
1305 4510 1356 4566 am

158 4583 229 4635 illud
253 4583 364 4635 lucilius
389 4584 552 4637 curcurlumli
570 4602 655 4638 causa
673 4586 843 4652 adscriptum
860 4583 918 4648 fuit
936 4581 1027 4636 lucius
1046 4589 1072 4636 et
1090 4584 1140 4637 lroc
1157 4583 1252 4637 sensim
1268 4584 1356 4634 munla·

158 4663 189 4713 iu
208 4662 254 4715 lib.
277 4664 360 4716 Vllll.
378 4693 410 4701 -
427 4663 492 4716 Luc.
513 4666 552 4717 erl.
573 4684 598 4721 a.
620 4671 688 4720 1471
695 4686 705 4729 ,·
724 4666 753 4718 L.
774 4681 797 4717 v.
817 4681 862 4732 ap.
883 4663 955 4731 Cae,
974 4662 1088 4718 lucilius
1108 4664 1138 4717 0.
1157 4693 1190 4703 -—
1210 4662 1293 4716 clodus
1308 4658 1359 4714 t.-

157 4739 193 4793 3‘2
214 4737 445 4812 lprpurrnuirepov
466 4744 537 4813 Cic.;
556 4745 760 4800 enfabieoteron
780 4744 808 4798 0.
830 4774 861 4782 -
882 4741 974 4796 dicam
993 4757 1044 4799 om.
1065 4743 1166 4798 Medic.
1188 4742 1242 4798 01¹0.
