3098 5316
652 1192 905 1266 APPENDIX.

726 1370 830 1377 ——--—-

246 1490 303 1543 lam
322 1489 350 1542 in
365 1489 578 1545 Commentariis
597 1489 673 1544 hisee
692 1507 754 1546 oum
769 1493 814 1545 tot
827 1490 907 1545 milia
920 1489 1179 1564 dittographiarnm
1193 1492 1286 1546 errent
1297 1507 1377 1546 meno

157 1571 255 1638 nanda,
279 1572 336 1624 tarn
357 1586 440 1640 saepe
459 1571 586 1625 diversae
606 1570 755 1625 eorundem
775 1569 906 1625 codicum
924 1571 1091 1628 collationes
1108 1568 1311 1641 respiciendae,
1326 1572 1377 1625 loeis

157 1648 285 1720 plurimis
309 1650 446 1704 secundae
468 1668 566 1705 manus
585 1648 799 1719 distinguendae
818 1648 966 1721 oprimis,
988 1649 1097 1706 numeri
1115 1649 1240 1721 ponendi
1257 1667 1334 1720 prope
1349 1652 1377 1704 in·

159 1728 279 1798 numeri,
303 1729 414 1784 litterae
437 1730 611 1785 adhibendae
631 1729 713 1784 modo
733 1730 837 1797 rectae,
863 1731 945 1785 modo
966 1730 1111 1800 obliquae,
1138 1729 1260 1799 denique
1277 1728 1318 1785 vel
1332 1747 1377 1800 pre

160 1809 276 1865 ferenda
293 1809 339 1864 vel
357 1809 501 1865 reticenda
521 1812 678 1864 commenta
692 1809 846 1878 doctorum,
866 1804 918 1865 ὅσα
931 1807 1071 1880 ψάμαθός
1083 1829 1113 1866 te
1128 1809 1211 1874 edere
1224 1829 1264 1877 τε,
1281 1810 1378 1881 potuine

160 1891 296 1960 quaedam
321 1890 452 1945 eollooari
472 1888 544 1944 falsa
562 1889 607 1944 vel
627 1890 729 1957 omitti,
750 1906 821 1959 quae
840 1889 927 1945 velles
945 1889 1049 1959 relata,
1074 1908 1130 1947 uon
1150 1892 1195 1947 eet
1212 1890 1286 1961 qnod
1303 1889 1378 1945 dian

248 1970 366 2025 Accedit
384 1970 467 2039 quod,
487 1969 552 2023 dum
572 1968 627 2024 toti
645 1973 773 2024 tenemur
791 1970 921 2040 cupidine
939 1970 1093 2027 editionem
1112 1974 1174 2026 tam
1191 1970 1242 2026 din
1258 1973 1379 2042 procrasti-

159 2054 254 2105 netam
268 2050 433 2106 absolvendi
447 2067 530 2119 quarn
546 2050 697 2117 celerrime,
716 2067 752 2104 ne
766 2049 880 2105 aestivis
896 2050 1008 2121 quidem
1023 2049 1176 2119 mensibus,
1193 2050 1294 2121 quibus
1305 2050 1379 2104 abesse

159 2132 279 2185 solemus
293 2128 438 2199 Petropoli
457 2145 615 2200 magnaque
634 2129 820 2185 bibliothecae
838 2134 951 2186 nostrae
970 2147 1064 2187 enrere
1085 2136 1177 2202 parte,
1195 2129 1378 2202 typothetarum

160 2228 273 2281 operam
293 2209 443 2265 intermitti
461 2208 536 2281 paesi
555 2227 657 2265 snmus.

250 2291 326 2357 Quae
350 2308 413 2346 enm
437 2292 478 2346 ita
502 2292 606 2358 essent,
628 2288 699 2345 nibil
723 2290 837 2359 quidem
861 2306 878 2345 a
900 2289 981 2345 nobie
999 2291 1243 2362 praetermissum¹
1266 2290 1330 2360 qnod
1344 2294 1381 2345 ant

161 2372 257 2427 labore
276 2375 304 2426 et
322 2370 421 2441 vigilia
439 2375 488 2425 aut
507 2373 619 2440 sumptu
632 2369 831 2441 impendioque
846 2374 943 2441 posset
956 2370 1059 2442 parari,
1078 2370 1208 2441 utlibet,
1226 2386 1304 2440 quem
1315 2371 1381 2425 tants

161 2451 305 2507 (laetorum
327 2450 427 2505 studiis
447 2447 547 2504 seirem
567 2449 717 2519 expectari,
736 2450 862 2519 prodiret
879 2468 962 2520 qnam
981 2448 1228 2507 emendatissimus
1246 2449 1321 2505 etad
1332 2466 1380 2503 nens

161 2529 476 2588 accommodatissimus.
517 2527 616 2598 Neque
648 2545 714 2584 eura
741 2530 811 2586 haee
839 2529 963 2601 praemio
991 2529 1090 2586 seruit.
1132 2528 1207 2585 Nam
1235 2545 1293 2585 eum
1317 2547 1381 2599 saepe

162 2611 331 2668 revolverem
352 2612 428 2665 locos
446 2608 521 2679 typis
538 2625 691 2679 expressos,
710 2608 811 2678 partim
826 2609 971 2665 voluntate
985 2609 1095 2678 duetus,
1115 2609 1220 2681 partim
1234 2610 1380 2677 neemdbte,
1416 2671 1418 2675 ,

161 2692 330 2761 paucissima
351 2690 456 2757 inveni,
481 2706 553 2760 quae
576 2688 687 2744 mutata
703 2689 817 2757 vellem,
843 2705 932 2759 osque
950 2689 978 2744 in
997 2689 1121 2761 primore
1139 2689 1310 2761 potissimum
1325 2688 1378 2745 libro
1416 2686 1418 2756 Ξ

162 2771 254 2843 posita
282 2774 311 2825 et
339 2772 470 2825 maiorem
499 2772 608 2839 partem
634 2768 788 2837 levissima,
816 2771 886 2824 adeo
909 2771 997 2824 utne
1020 2772 1147 2825 notanda
1169 2769 1279 2840 quidem
1300 2771 1323 2824 in
1342 2772 1378 2823 lue

163 2853 322 2922 appendice
347 2852 504 2906 viderentur
527 2850 628 2904 omnia.
666 2849 776 2904 Etenim
800 2852 832 2903 ut
850 2868 916 2920 pgg.
940 2855 1081 2904 270-272
1106 2850 1192 2921 paulo
1215 2848 1292 2920 plura
1310 2850 1377 2903 adiee-

163 2936 259 2986 rentur
282 2949 314 2985 ex
339 2931 470 2985 Beruensi
494 2930 585 3000 priore
610 2945 643 2985 ea
666 2948 696 2984 re
719 2930 861 2996 effectum,
886 2930 961 2999 quod
983 2931 1106 3000 paginae
1132 2937 1198 3000 185,
1219 2936 1236 2985 6
1254 2929 1293 2984 ed.
1310 2930 1377 2993 ilarii„

162 3014 190 3065 in
215 3028 271 3080 qna
293 3012 446 3081 perscripta
470 3013 531 3064 erat
553 3008 668 3065 collatio
692 3010 800 3080 Hageni
824 3009 979 3066 accuratius
1003 3011 1170 3080 pleniusque
1190 3027 1269 3081 quam
1286 3010 1311 3064 in
1326 3010 1376 3064 libro

163 3091 287 3156 Mercuri,
307 3090 480 3161 aliquamdiu
499 3089 676 3145 delituerant.

252 3173 383 3226 Attamen
403 3170 432 3223 in
448 3170 487 3224 eis
501 3168 710 3239 investigandis,
728 3185 800 3238 quae
815 3171 858 3224 vel
874 3189 973 3227 manus
988 3171 1069 3242 lapsu
1084 3171 1129 3226 vel
1143 3171 1250 3227 incuria
1263 3187 1374 3242 operarum

164 3255 272 3306 traxere
293 3268 422 3317 errorem,
441 3267 524 3319 quam
543 3249 626 3304 facile
645 3249 780 3303 fallantur
799 3251 881 3318 oculi,
901 3254 1012 3306 constat
1029 3251 1181 3321 plerisque.

257 3332 352 3400 ltaque
373 3349 433 3398 eos,
458 3331 504 3399 qui
524 3329 658 3385 iudicium
678 3329 761 3385 laturi
782 3334 847 3384 suut
865 3333 899 3385 de
917 3332 972 3387 hoc
991 3347 1089 3402 opere,
1114 3346 1170 3401 qna
1189 3348 1238 3401 pur
1255 3334 1293 3386 est
1308 3331 1372 3384 obro-

167 3413 262 3466 vuutia
286 3428 428 3480 rogamus,
457 3414 489 3465 ut
512 3410 541 3464 in
565 3411 636 3464 hane
659 3411 835 3480 potissimum
858 3414 967 3481 partem
991 3410 1134 3467 conversis
1159 3411 1244 3479 cums,
1269 3408 1371 3480 quaeret

164 3509 308 3562 perperam
329 3493 421 3562 posita
435 3493 478 3545 vel
494 3492 597 3545 omissa
610 3508 669 3545 esse
684 3492 839 3558 videantur,
859 3494 994 3549 adnotent
1008 3511 1091 3562 quarn
1107 3492 1273 3562 plenissime.
1298 3490 1370 3556 Quibus

165 3574 238 3627 usuri
259 3592 353 3627 eunius
373 3570 401 3625 in
420 3572 581 3642 Appendices
602 3571 751 3626 voluminis
771 3572 894 3628 alterius.

253 3653 420 3723 Paginarum
441 3655 547 3709 numeri
567 3654 697 3710 editionis
717 3659 781 3709 sunt
800 3656 996 3723 Mereerianao,
1015 3670 1146 3709 versuum
1166 3658 1279 3709 nostrae.

255 3736 360 3789 Comm.
385 3736 412 3788 in
433 3735 467 3803 1,
490 3740 512 3787 l.
532 3741 547 3788 2
572 3733 819 3804 praemittendum:
845 3735 961 3790 Numeri
979 3736 1101 3804 capitam
1120 3736 1221 3789 abeunt
1237 3752 1253 3786 n
1270 3731 1366 3786 Motu

166 3815 198 3879 L,
219 3815 249 3868 11
254 3836 263 3881 ;
282 3813 367 3868 lrabet
385 3816 424 3868 ed.
444 3815 512 3868 Bae.
527 3817 691 3883 praemisso:
711 3815 791 3885 Cap.;
810 3831 866 3869 nou
886 3815 942 3869 Me.

254 3895 358 3949 Comm.
378 3893 407 3948 in
426 3894 455 3961 a,
476 3900 517 3947 13.
539 3899 572 3947 14
590 3899 667 3963 post:
688 3896 782 3948 auster
801 3893 878 3948 add:
897 3893 1029 3949 nascitur.

255 3977 359 4030 Corum.
379 3975 408 4028 in
426 3975 455 4046 a,
478 3982 508 4028 lb
528 3973 652 4043 legend:
672 3979 793 4045 quatuor
810 3972 900 4042 (llllor
918 3974 962 4042 G).

256 4055 323 4109 ibid.
344 4058 419 4123 post:
436 4072 482 4124 pq.
503 4059 557 4108 leo
577 4056 653 4110 add:
674 4058 708 4123 cf.
729 4059 793 4121 398,
812 4058 845 4107 31
861 4070 898 4122 eq.

256 4136 360 4189 Comrn.
380 4135 408 4187 in
428 4135 458 4204 b,
477 4140 492 4186 2
513 4134 646 4190 addend:
665 4141 712 4190 cet.
733 4136 766 4201 ef.
787 4135 872 4188 1571.
893 4132 1062 4203 pollictores.

256 4218 358 4268 (lemur.
381 4213 409 4266 in
430 4215 459 4285 a,
483 4221 513 4268 19
533 4219 609 4284 post:
630 4215 720 4285 pellex
739 4214 776 4281 L,
794 4214 847 4283 H„
866 4213 899 4269 G.
919 4214 997 4268 add:
1016 4213 1112 4283 pallax
1133 4212 1273 4278 Halmium
1288 4208 1360 4278 ridel.

256 4294 358 4349 Comnr.
380 4296 407 4346 iu
429 4295 456 4363 7,
476 4301 491 4349 7
512 4294 592 4349 initio
612 4296 746 4364 poneud.:
766 4295 801 4360 cf.
821 4295 934 4348 Salluet.
953 4295 1033 4363 srqm.
1053 4294 1093 4348 od.
1115 4294 1205 4348 Kritz.
1224 4293 1284 4358 111,
1297 4297 1328 4345 lti-

256 4373 361 4427 Corum.
382 4375 410 4427 in
432 4375 459 4444 7,
479 4381 513 4428 20
532 4374 608 4429 add:
631 4376 772 4443 012991.
792 4388 932 4428 exornare.

256 4456 360 4510 Corum.
381 4456 408 4509 iu
429 4456 457 4526 7,
477 4461 510 4508 27)
531 4459 606 4524 poet:
627 4459 771 4524 sartorque
791 4455 825 4525 L,
849 4454 926 4508 add:
945 4456 1022 4508 sator
1041 4456 1187 4523 sartorque
1205 4457 1268 4507 reete
1281 4443 1361 4503 rddss

256 4533 359 4589 (lorum.
378 4535 407 4587 iu
426 4536 456 4603 u,
476 4542 492 4587 (i
512 4535 588 4588 add:
610 4541 623 4587 7
644 4537 680 4600 of.
699 4536 785 4589 4561.
807 4535 936 4589 indolem.

256 4616 360 4668 l'omru.
385 4615 412 4666 iu
437 4616 470 4684 u,
494 4621 521 4666 11
551 4616 626 4684 post:
655 4615 686 4667 11
710 4615 786 4667 eald:
815 4615 865 4669 τοῦ
890 4646 924 4654 -
948 4616 1065 4668 nordr'ov
1087 4615 1154 4682 fiais
1176 4615 1247 4669 trien.
1266 4602 1362 4665 {ouidi

167 4701 270 4749 tetrum.
291 4697 371 4748 treola.
