3164 5326
388 320 437 375 DE
455 320 569 376 vnum
588 320 878 377 SIGNIFICATIONE
898 320 1112 377 SERMONVM.
1138 320 1186 375 IV.
1348 320 1414 385 675

1320 411 1361 451 409
1381 409 1414 450 Μ.

258 483 307 550 Μ
336 485 459 550 Tullius
490 484 529 549 de
561 484 678 550 officiis
705 485 761 550 lib.
789 484 819 549 I:
851 484 891 549 ad
924 485 958 549 in
986 484 1053 548 eius
1080 483 1235 548 familiari
1264 480 1414 566 Scipione

168 592 304 657 ambitio
326 593 436 676 nsaior,
458 593 523 657 rita
546 593 671 657 iustior.
697 627 735 638 -
761 590 931 656 Terentius
953 590 1097 656 Andria:

327 715 416 769 tristis
434 713 539 768 veritis
556 713 632 777 inest
649 712 678 767 in
696 713 777 768 stlta
795 712 887 781 adque
905 711 936 766 in
953 711 1046 768 verbis
1064 711 1141 767 fides.

165 819 177 910 ΙΙ
198 823 346 908 Triste,
368 846 523 889 amarum.
560 822 726 907 Vergilius
750 821 867 906 Georg.
890 822 947 886 lib.
969 821 1000 886 I:

804 941 949 1012 tristisque
967 941 1059 1014 lupini

328 1025 473 1081 sustuleris
491 1025 601 1097 fragilis
620 1025 751 1079 calamos.

166 1132 176 1220 Η
198 1133 344 1217 Triste,
368 1135 485 1201 minax.
523 1133 690 1219 Vergilius
714 1134 791 1199 Aen.
815 1132 871 1197 lib.
893 1131 940 1197 Il:

118 1261 151 1312 30
490 1257 571 1326 isque
589 1253 682 1324 adytis
700 1253 770 1309 haec
788 1253 882 1308 tristia
899 1254 976 1308 dicta
993 1255 1126 1324 reportat.

165 1362 175 1451 {l
197 1365 344 1450 Triste,
367 1385 474 1449 grave.
510 1364 553 1429 M.
576 1363 704 1430 Tullius
728 1363 767 1429 de
790 1363 978 1448 republica
1001 1364 1055 1430 lib.
1080 1362 1140 1427 VI:
1167 1364 1222 1448 qui
1245 1386 1414 1430 numerum

167 1476 370 1555 optumatum
405 1477 438 1536 et
467 1470 648 1555 principum
677 1470 807 1555 optudit
833 1469 885 1534 his
913 1470 1047 1535 vocibus
1075 1473 1108 1534 et
1136 1471 1309 1556 gravitatis
1339 1495 1415 1537 suae

167 1583 270 1644 testem
292 1578 411 1663 linquit
433 1578 527 1643 illum
550 1578 680 1642 tristem
704 1580 737 1641 et
759 1576 891 1660 plenum
915 1570 1084 1661 dignitatis
1106 1599 1230 1643 sonum.
1248 1579 1259 1661 fl
1277 1577 1416 1664 Triste,

166 1684 307 1751 difficile.
351 1685 395 1752 M.
429 1684 556 1751 'Pullius
589 1685 629 1749 de
662 1687 842 1750 senectute:
880 1682 1008 1748 facilius
1040 1683 1073 1746 in
1107 1684 1238 1749 morbos
1270 1685 1417 1749 incidunt

118 1806 147 1856 35
167 1793 400 1878 adulescentes,
423 1794 555 1878 gravius
576 1795 735 1878 egrotum,
758 1790 886 1855 tristius
906 1794 1067 1856 curantur.
1085 1789 1097 1874 fl
1114 1789 1257 1875 Triste,
1275 1792 1415 1877 nigrum.

166 1898 332 1985 Vergilius
355 1898 471 1985 Georg.
495 1898 552 1963 lib.
574 1895 640 1962 Ill:

326 2022 376 2075 aut
393 2024 505 2076 tonsum
523 2020 599 2075 tristi
618 2019 786 2088 contingunt
804 2035 904 2088 corpus
923 2034 1044 2073 amurca.

165 2128 175 2217 pl
198 2129 359 2213 Tristis,
379 2131 492 2196 iratus.
528 2129 684 2195 Afranius
707 2127 874 2215 Epistula:

256 2330 291 2377 es
310 2323 330 2391 Ι,
350 2329 393 2391 so,
414 2329 465 2378 1oa
487 2327 497 2394 p
519 2329 553 2377 as
572 2324 606 2391 v,
625 2329 650 2390 a,
671 2329 704 2376 io
726 2324 736 2392 u
753 2328 788 2375 aa
806 2321 828 2387 1,
849 2328 882 2376 ra
901 2323 910 2391 ιι
929 2327 963 2376 ae
981 2320 1015 2388 11,
1036 2324 1165 2391 1151131
1185 2322 1222 2378 n.
1239 2323 1311 2379 Tull
1332 2326 1367 2381 ce
1386 2344 1415 2382 re

165 2402 242 2475 publ.
262 2402 302 2457 Vl
315 2406 325 2473 Ι
339 2411 372 2459 34
394 2410 434 2472 19,
454 2405 559 2473 671136
578 2403 626 2470 ΙΙΙ,
645 2409 698 2458 448
712 2405 721 2471 ΙΙ
735 2407 769 2456 38
789 2401 920 2456 Afranius
939 2401 1075 2472 Epistula.

166 2608 293 2658 saevum,
320 2591 439 2645 semum?
468 2592 510 2646 oet
533 2592 584 2646 tali
608 2595 688 2659 (407,
706 2595 773 2658 28):
800 2590 893 2645 vixisti
915 2590 1017 2656 tristis,
1046 2591 1143 2658 durus,
1172 2590 1307 2660 difficilis,
1332 2595 1416 2647 tenax
1508 2640 1511 2645 ,

135 2688 137 2693 ’
165 2677 254 2727 morwt
272 2670 327 2725 Mc.
349 2701 381 2711 -
400 2669 438 2725 23
457 2672 495 2725 M.
514 2671 588 2725 Tull.
607 2674 670 2738 (sic)
688 2672 752 2727 add.
772 2672 840 2725 Inn.
860 2702 892 2712 -
912 2672 948 2725 ad
966 2671 996 2724 in
1015 2670 1062 2735 M;
1081 2672 1146 2725 adiu
1166 2671 1238 2735 Gen,
1257 2672 1295 2742 H¹
1306 2695 1316 2738 ,·
1333 2673 1414 2726 adein

160 2769 207 2821 pr.
227 2751 269 2820 L‚·
292 2750 392 2806 acdaiu
414 2751 440 2805 L
458 2767 491 2805 ea
509 2767 593 2815 ουτω
616 2750 676 2822 H„·
696 2752 730 2806 G.
748 2782 784 2791 -
802 2751 949 2805 familiaris
967 2752 1027 2805 cdd.
1048 2782 1079 2790 —
1100 2751 1258 2821 Scipionem
1279 2751 1353 2816 θαι,-
1375 2752 1415 2806 H.

166 2862 200 2872 -
219 2848 265 2899 ap.
291 2829 445 2884 Ciceronem
467 2830 532 2884 naec
555 2831 697 2897 seruntur:
725 2833 787 2884 erat
808 2829 837 2882 in
862 2829 892 2883 L.
916 2829 1015 2885 Crasso
1040 2861 1072 2869 —
1097 2831 1203 2883 multus
1226 2831 1304 2900 lepos
1328 2863 1362 2871 -
1385 2835 1416 2885 at

165 2909 256 2965 isdem
277 2910 451 2980 temporibus
469 2908 499 2963 in
517 2910 554 2963 M.
575 2910 678 2964 Scauro
699 2942 729 2949 -
751 2908 900 2978 singularis
925 2909 1072 2975 retentam
1100 2909 1129 2962 in
1153 2907 1182 2961 C.
1207 2908 1302 2964 Laelio
1326 2911 1416 2964 multe

165 2990 309 3056 hilaritas,
333 2990 363 3044 iu
381 2989 441 3044 sius
460 2988 526 3044 fam.
545 3007 566 3044 e.
586 3008 609 3059 q.
628 3007 649 3043 s.
671 3021 703 3028 -
723 2988 760 3043 24
779 2988 881 3057 maior,
905 2989 965 3043 vita
982 2989 1090 3044 tristior
1108 3006 1158 3043 om.
1177 2991 1237 3044 cdd.
1258 3022 1290 3030 -
1310 2989 1416 3045 Andria

165 3072 230 3126 add.
253 3070 440 3139 Qnicireratns.
461 3101 493 3110 —
512 3069 549 3124 25
573 3069 664 3124 tristis
688 3071 750 3124 odet.
770 3070 851 3135 Alel.;
873 3071 922 3140 qai
941 3072 1050 3139 primns
1072 3071 1121 3123 too
1139 3072 1288 3139 exensplnm
1308 3073 1415 3126 adiecit.

164 3149 310 3205 -tristis
332 3149 442 3205 veritas.
467 3150 570 3204 veritas
594 3152 676 3204 etiam
700 3152 758 3205 cdd.
781 3150 856 3204 Sea.
880 3152 918 3205 ad
935 3151 1004 3206 Aen.
1026 3150 1070 3218 X,
1088 3154 1156 3216 612,·
1177 3152 1239 3203 item
1259 3151 1366 3205 Donati
1384 3153 1415 3204 in

164 3231 295 3286 Eamucis.
323 3229 358 3299 V,
376 3237 407 3298 1,
426 3233 466 3286 22
490 3232 529 3284 ed.
550 3232 658 3299 princ:
682 3235 711 3284 at
735 3231 800 3283 libri
820 3230 893 3285 Ter:
916 3231 1004 3285 tristis
1023 3230 1164 3284 severitas.
1183 3235 1208 3283 et
1226 3232 1267 3284 ita
1286 3230 1359 3284 Serv.
1379 3233 1416 3286 aa

164 3311 263 3381 Georp.
281 3310 353 3379 III,
372 3316 417 3367 37.
445 3328 509 3365 nam
532 3316 602 3364 reete
622 3312 662 3364 ibi
679 3312 787 3364 videtur
804 3312 901 3365 tatere
919 3312 995 3365 lectio
1013 3312 1133 3380 culpata.
1155 3342 1186 3349 —
1206 3312 1326 3376 defendit
1344 3313 1415 3366 illud

163 3390 256 3447 tristis
284 3391 419 3448 severitas
447 3392 662 3446 Studemandins
686 3392 791 3461 Annal.
816 3392 945 3459 philolop.
975 3411 1000 3446 a.
1029 3397 1105 3446 1868
1128 3408 1176 3461 pp.
1205 3397 1261 3445 568
1268 3413 1279 3459 ;
1306 3409 1416 3460 eamque

163 3479 272 3528 secatus
290 3473 447 3527 Bartclsim
464 3489 509 3542 pp.
528 3475 573 3526 32.
594 3503 626 3510 -
646 3487 694 3524 nec
711 3488 777 3526 sane
796 3473 896 3539 obstat,
914 3473 985 3541 qnod
1004 3471 1115 3526 Nonius
1135 3472 1245 3525 certam
1263 3472 1351 3526 tristis
1370 3491 1415 3528 aa·

158 3555 250 3623 plicat
273 3569 462 3621 perseveras.
490 3569 555 3605 nam
578 3552 648 3604 talia
672 3568 751 3619 saepe
775 3552 845 3605 idern
869 3553 945 3606 alibi.
973 3553 1019 3606 seri
1044 3552 1178 3605 molliores
1201 3558 1281 3606 erant
1299 3555 1416 3620 numeri,

163 3635 190 3689 si
208 3649 269 3688 mam
284 3632 425 3701 Spenpclio
442 3633 594 3700 reposueris
612 3634 642 3685 iri
656 3634 728 3701 quod
746 3638 783 3687 est
798 3631 888 3687 tristis
903 3632 1013 3687 veritas.
1030 3663 1064 3672 -
1079 3632 1170 3699 adque
1185 3631 1240 3702 L,;
1258 3635 1342 3701 atque
1357 3635 1414 3690 rell.

164 3745 200 3754 -
223 3712 320 3767 fideles
344 3712 423 3781 Gen„
450 3743 481 3753 -
506 3710 544 3765 23
567 3712 631 3765 bino
654 3729 751 3766 rursus
774 3714 872 3783 incipit
897 3715 932 3769 B.
952 3743 985 3754 -
1005 3712 1102 3783 Verg.;
1126 3714 1160 3777 cf.
1185 3713 1273 3767 4041.
1293 3714 1414 3778 sustulit

165 3791 293 3847 abstulit.
306 3823 338 3832 —
354 3791 389 3846 27
407 3791 495 3847 tristis
509 3794 553 3857 A;
570 3790 630 3845 Gen
635 3812 645 3856 ;
660 3792 699 3860 Hl
708 3814 717 3858 ;
731 3810 786 3846 non
801 3793 835 3848 B.
849 3825 878 3831 —
896 3793 933 3847 23
948 3792 1063 3862 fragiles
1078 3793 1112 3848 A.
1125 3824 1157 3831 —
1168 3792 1206 3846 29
1220 3791 1303 3862 Verg.
1318 3810 1338 3847 e.
1354 3812 1378 3862 q.
1393 3810 1413 3848 s.

164 3892 216 3930 om.
236 3873 272 3930 Β,
291 3904 327 3914 -
345 3872 375 3926 in
393 3872 460 3926 Aen.
481 3872 514 3927 L.
536 3903 566 3910 —
587 3871 626 3926 33
645 3870 729 3925 aditis
750 3872 780 3938 0,
802 3872 871 3941 Gen,
890 3875 926 3928 B.
946 3904 979 3913 —
999 3872 1115 3926 tristitia
1131 3872 1205 3936 Gem·
1224 3873 1274 3942 H,.
1295 3903 1327 3911 —
1347 3873 1415 3928 duta

166 3954 219 4025 H,.
235 3984 269 3993 -
283 3953 319 4007 31
340 3951 396 4022 qui.
416 3954 448 4007 de
467 3952 568 4006 Catone
589 3951 715 4005 Censorio
734 3953 789 4006 oid.
811 3955 863 4023 api.
880 3984 913 3992 -
928 3968 1072 4006 numerum
1086 3952 1126 4014 B;
1145 3958 1262 4005 'numero
1278 3952 1415 4021 (inumera

162 4052 208 4104 pr.
228 4032 265 4101 L)
284 4033 342 4088 rell.
361 4063 395 4072 -
414 4032 451 4087 32
471 4033 656 4102 optimataum
679 4032 737 4101 H,;
762 4031 927 4099 optimatum
948 4033 1022 4097 Gen;
1046 4031 1213 4100 optimatum
1233 4032 1268 4085 B.
1288 4063 1320 4071 -
1340 4032 1414 4101 priu-

165 4113 272 4184 cipium
291 4113 365 4178 Geta·
380 4130 425 4182 pr.
444 4113 470 4167 L
488 4118 512 4166 et
529 4113 568 4168 H.
585 4142 617 4152 -
633 4130 657 4164 n.
679 4117 736 4181 opt.
756 4112 785 4164 et
803 4112 902 4180 princ.;
923 4115 941 4166 i.
962 4130 982 4166 e.
1001 4113 1105 4165 multos
1125 4111 1273 4180 optimates
1293 4115 1321 4165 et
1341 4112 1414 4180 prin-

165 4195 251 4264 cipes.
271 4225 304 4234 -
325 4193 437 4262 optudit
459 4194 489 4260 (i.
512 4211 533 4248 c.
558 4196 652 4247 tacere
676 4192 778 4261 coegit)
798 4192 945 4260 Haimias;
970 4191 1075 4261 optulit
1097 4192 1155 4245 edri.
1182 4191 1296 4260 (obtulit
1315 4193 1360 4257 Β).
1381 4223 1414 4232 -

164 4273 210 4328 his
229 4274 269 4328 ed.
289 4290 315 4326 a.
335 4275 421 4335 1471;
439 4272 463 4325 is
482 4273 541 4327 cdd.
558 4273 682 4325 -vocis
701 4272 738 4339 B,
754 4272 821 4337 Gen,
836 4272 887 4342 H,.
903 4303 936 4312 -
951 4272 988 4325 33
1006 4274 1106 4325 testem
1127 4273 1190 4325 adri.
1207 4272 1250 4325 M.
1265 4302 1297 4310 -
1313 4272 1415 4340 linquit

160 4354 314 4424 perfectum
329 4349 424 4420 (liquit
435 4352 487 4422 B);
497 4357 567 4422 puto
581 4351 722 4419 relinquit.
738 4384 770 4392 —
787 4352 824 4406 34
838 4352 874 4407 M.
891 4352 977 4418 Tull.;
998 4353 1032 4418 cf.
1048 4356 1102 4405 315
1116 4353 1133 4406 l.
1149 4368 1240 4420 grave,
1256 4353 1413 4407 molestum.

164 4465 198 4475 -
213 4433 252 4488 33
270 4432 463 4486 adulescentes
482 4448 531 4486 om.
551 4432 594 4501 A‚·
613 4433 655 4496 13,·
674 4432 733 4486 Gen
739 4452 749 4496 ;
768 4432 807 4496 J.,·
823 4433 881 4503 H„·
900 4435 935 4498 cs.
951 4449 1040 4486 comm.
1057 4434 1088 4485 in
1102 4436 1164 4485 315.
1181 4462 1215 4470 —
1230 4436 1360 4501 egrotaut
1379 4433 1414 4498 A,

166 4515 237 4579 Gen,
251 4513 292 4578 L;
309 4527 367 4566 non
384 4511 420 4566 B.
434 4542 468 4552 —
488 4511 621 4567 tristitias
640 4514 721 4582 Gen.
741 4543 775 4553 -
794 4512 829 4566 37
850 4528 966 4581 amurga
985 4512 1064 4581 Gen,.
1086 4543 1118 4550 —
1137 4511 1175 4565 38
1193 4513 1249 4579 fnit
1268 4529 1329 4566 cam
1345 4516 1414 4567 scri-

162 4595 282 4650 bendum
303 4593 486 4647 existimarem
503 4590 644 4661 ingratas,
664 4594 757 4657 cerba,
775 4609 844 4661 qnae
861 4598 1003 4647 secuntur:
1026 4593 1120 4645 iactet.
1148 4591 1217 4644 mihi
1236 4593 1289 4645 erit
1309 4592 1415 4646 tristior

161 4676 283 4731 ciusdem
306 4688 361 4727 esec
380 4688 512 4740 personae
534 4679 620 4727 ratas.
641 4675 739 4727 —sed
762 4675 833 4727 enim
857 4675 941 4728 altero
960 4673 1079 4738 Afranii
1100 4689 1180 4725 versu
1198 4674 1305 4728 videtur
1323 4675 1415 4728 adseri

162 4757 243 4814 tenio
261 4754 377 4810 tradita.
397 4783 430 4792 -
449 4751 570 4823 epistola
588 4755 635 4825 L„
654 4755 693 4821 H,
715 4755 749 4819 G,
770 4753 838 4820 Gen,
856 4755 891 4810 B.

1147 4840 1202 4897 43·
