3098 5316
506 1302 883 1376 COMMENTARIVS

428 1455 472 1513 ru
496 1454 676 1513 ursvuvn
698 1456 750 1514 uu
773 1455 953 1515 rumonus.

185 1697 355 1765 compendioso
380 1696 519 1751 Doctrina
550 1697 619 1766 quiri
649 1697 783 1766 sipniticrt
814 1703 838 1751 ct
869 1715 922 1767 puo
949 1704 1060 1754 ouotorc
1085 1699 1238 1767 inscriptus
1265 1713 1319 1751 esse

105 1784 215 1837 nterim
229 1781 262 1832 ito
277 1777 341 1831 liber
359 1775 457 1844 Nonii,
475 1778 578 1832 dictum
597 1777 712 1831 Adsere.
730 1776 804 1831 Non.
823 1793 881 1845 cap.
901 1778 941 1831 ΙΙ
956 1779 1047 1834 initio.

181 1858 343 1926 inscriptions
369 1858 480 1911 omnino
504 1863 597 1911 carent
622 1857 660 1923 L,
684 1858 725 1924 B;
748 1861 885 1927 usquein
910 1857 970 1913 Gen
992 1860 1142 1929 quidpuom
1160 1859 1317 1929 practicam

104 1942 152 1994 mn
166 1938 247 1992 titulus
262 1938 360 2004 sopitis
378 1937 400 1989 I
402 1935 432 1991 V.
462 1942 492 1991 at
509 1939 541 1990 in
560 1937 599 2004 H,
621 1936 656 2004 P,
675 1937 710 2005 G,
726 1937 927 2006 Montepessul,
943 1937 1155 2007 Spantumiono,
1169 1939 1277 2005 namo,
1292 1938 1319 1992 A

103 2020 200 2086 namu
214 2017 297 2081 hiric,
320 2022 352 2069 ut
370 2015 506 2071 Ιίοηιαηιζς
522 2016 699 2086 quibusdam,
722 2018 754 2070 in
771 2018 862 2083 fronte
880 2020 968 2087 operis
987 2019 1115 2088 tcpsmtur
1132 2021 1211 2074 leoco.-
1234 2017 1320 2072 Index

101 2115 179 2151 sarum
206 2113 288 2149 rerum
321 2113 393 2164 quae
422 2095 476 2150 hoc
509 2096 605 2150 codiee
633 2096 819 2152 continentur.
864 2096 937 2150 Noui
965 2095 1093 2151 Marcelli
1120 2095 1322 2169 peripathetici

98 2174 283 2244 Tuburpicensis
311 2175 346 2229 de
374 2176 573 2246 compendiosa
600 2175 728 2231 doctrina
755 2193 806 2246 per
835 2176 944 2231 litteras
973 2177 1008 2230 ad
1033 2177 1131 2231 tilium.
1167 2179 1200 2231 in
1222 2178 1321 2245 quitus

95 2256 273 2324 ‹isttoproptios
289 2260 428 2311 notandos
446 2258 520 2311 tates.
558 2257 665 2310 Nonius
684 2256 833 2312 Marcellus
851 2253 1073 2327 peripatheticus
1092 2256 1265 2326 Montepsss,
1284 2255 1319 2309 A.

90 2366 117 2376 -
130 2333 207 2387 Nonii
220 2334 253 2401 G,
266 2336 364 2391 Bamb.
376 2368 407 2376 -
424 2337 477 2402 iric,
491 2336 594 2404 δραπὴ.
609 2336 795 2406 peripatetici,
811 2367 845 2376 —
860 2335 1075 2406 Tuburgicensis
1090 2336 1125 2389 11
1128 2357 1138 2401 ‚·
1152 2337 1193 2404 Ρ,·
1207 2336 1322 2402 Bomb.;

84 2414 276 2482 ilburgiceneis
295 2417 336 2469 osi.
356 2416 517 2485 Spanhnn.;
535 2415 753 2483 'i'ubnrticensis,
771 2417 844 2486 quod
861 2434 895 2470 m.
910 2422 930 2472 2
949 2421 1044 2472 mutat.
1061 2418 1094 2470 in
1107 2416 1321 2471 Tuburcicensis

78 2499 187 2548 samer
213 2496 251 2548 ui.
280 2495 384 2562 Basti,
414 2495 455 2563 G,·
481 2494 686 2550 'l‘iburcicensis
716 2498 893 2566 Montepess.,
920 2499 964 2565 Α,-
992 2513 1025 2550 erc
1052 2497 1122 2551 libro
1151 2496 1179 2549 S.
1206 2496 1322 2550 Victoris

75 2574 280 2628 Tnburciceusis
299 2578 426 2643 adfertur
444 2595 463 2630 o
477 2577 647 2647 Quicheroto.
663 2606 696 2616 -
711 2574 921 2647 Tyburticeneis
935 2574 996 2630 Vas.
1010 2579 1098 2642 3416,Ι
1118 2574 1320 2630 Tiburtiuensis

71 2656 112 2708 sd.
132 2672 156 2708 o.
175 2658 247 2709 1476
270 2672 424 2726 omnesque,
446 2663 478 2712 ut
500 2659 571 2725 ciri„
595 2661 658 2712 ante
681 2657 766 2725 Iun.,·
792 2658 855 2710 itcrn
879 2673 945 2726 mrp.
966 2657 1034 2711 Iun.
1053 2661 1078 2710 st
1097 2653 1238 2723 Gothosr.;
1258 2656 1321 2722 Mc;

67 2733 253 2788 'l'ibnrtiensis
271 2736 337 2806 Κεφ.
362 2742 450 2805 1469,·
481 2738 542 2793 Vot.
565 2743 654 2806 2916;
677 2737 848 2792 Tiburiensis
873 2738 955 2804 Iun,
978 2737 1116 2802 Gotttotr„
1142 2737 1213 2806 Me„
1233 2767 1266 2774 -
1286 2734 1320 2789 de

63 2831 117 2867 on.
141 2814 207 2867 iibri
230 2823 360 2883 recentes,
383 2824 414 2871 ut
437 2836 470 2872 sa
488 2818 565 2874 Rom.
586 2819 653 2890 Rep.
677 2823 765 2885 1169,
792 2818 879 2872 Votis.
897 2821 987 2883 2916,
1006 2821 1093 2884 3418,
1112 2822 1201 2871 tracto
1219 2816 1322 2870 scilicet

57 2896 150 2963 primi
172 2897 276 2963 capitis
298 2904 365 2951 nota
387 2900 425 2952 aa
447 2901 530 2954 totius
553 2903 642 2970 operis
664 2900 877 2967 inscriptionem.
902 2928 935 2937 -
958 2914 1038 2965 coup.
1064 2898 1187 2966 Montep.
1213 2927 1247 2936 -
1270 2914 1320 2966 per

62 2975 176 3027 litteras
195 2980 298 3042 (unum
313 2979 326 3029 t
343 2979 443 3048 utique
457 2983 634 3050 apopropison
648 2982 689 3035 cd.
705 2979 865 3048 Spanttem.;
884 2981 1071 3049 compendium
1085 2981 1117 3033 in
1131 2979 1328 3052 Mucaporis),

61 3072 111 3108 orn.
130 3056 309 3111 eri.o.1476
328 3059 381 3126 ol.;
398 3059 433 3124 cf.
453 3062 564 3115 Aduers.
583 3061 708 3116 Nonium.
728 3077 787 3130 cap.
809 3060 850 3112 Il
868 3061 930 3113 init.

152 3135 307 3190 Praetereo
335 3155 369 3191 ex
392 3138 472 3194 libris
494 3141 534 3195 ost
555 3142 667 3210 sumptis
689 3141 730 3195 ost
751 3142 889 3210 impressis
910 3156 979 3195 socc.
1005 3139 1078 3206 XV,
1104 3138 1196 3207 XVI,
1222 3138 1325 3191 XVII

61 3217 190 3268 notam
210 3217 286 3271 osui
303 3218 377 3272 taes.

154 3295 194 3349 In
224 3297 267 3350 ed.
295 3298 422 3365 principe
449 3315 482 3353 oc
507 3302 626 3355 secundo
652 3301 797 3369 inscriptio
822 3301 862 3355 ost
884 3300 1047 3368 subscriptio
1070 3300 1146 3352 tituli
1168 3300 1255 3353 nullo.
1292 3300 1324 3352 in

63 3376 167 3430 Veneto
192 3382 318 3432 61476
342 3379 530 3448 omnibusque,
551 3386 583 3433 nt
597 3385 680 3449 puto,
703 3397 774 3450 quos
789 3385 993 3448 praecesserunt
1012 3381 1167 3434 lunianum
1190 3380 1325 3448 inscripto

52 3458 148 3510 traces.
174 3456 268 3511 Nonii
298 3458 425 3513 Marcelli
457 3459 633 3529 peripatetici
665 3464 728 3528 (om.
756 3459 836 3528 Ata,
865 3460 991 3526 Bentin.)
1018 3460 1221 3515 Tiburticensie
1248 3476 1323 3513 eorn-

10 3582 13 3595 ‚
52 3537 201 3605 pendiosa
229 3536 360 3591 doctina
382 3539 418 3592 ad
443 3537 528 3593 filium
554 3542 587 3593 de
610 3539 783 3609 proprietate
806 3555 971 3595 sermonum.
1010 3541 1093 3595 Iunii
1116 3547 1140 3594 st
1165 3539 1325 3604 Gothotrssii

51 3634 85 3670 ac
106 3617 303 3671 Merccriono
321 3636 347 3671 o.
366 3622 441 3673 1583
459 3621 608 3688 exemplari
621 3620 793 3689 prassinam:
811 3617 918 3674 Nonius
932 3619 1083 3675 Marcellus
1100 3620 1135 3674 de
1154 3618 1325 3689 proprietate

51 3713 229 3750 sennonum
251 3698 398 3763 (sermonis
420 3699 499 3769 Ma).
520 3730 552 3739 -
571 3702 603 3754 in
619 3701 703 3754 isdem
723 3702 815 3768 primo
834 3703 921 3769 capiti
936 3702 1130 3770 praemissum:
1149 3698 1234 3753 Nonii
1253 3696 1324 3750 Mur·

49 3776 122 3829 celii
148 3777 340 3845 peripatetici
358 3774 528 3833 Tiburiensis
551 3779 584 3833 de
614 3778 814 3850 compendiosa
831 3779 959 3835 doctrina
977 3797 1027 3850 per
1045 3780 1155 3835 litteras
1174 3778 1210 3832 ad
1229 3777 1325 3831 filium.

52 3889 84 3896 -
110 3863 196 3910 recto
223 3858 341 3925 denique
365 3859 510 3927 imcriptio
532 3862 659 3915 restituto
677 3878 696 3913 o
715 3862 841 3915 Mercero
859 3879 884 3914 a.
906 3865 990 3926 1611,
1008 3877 1063 3915 suc.
1082 3860 1154 3929 quod
1172 3858 1249 3926 opud
1266 3873 1327 3910 sum

50 3940 149 4001 fertur
172 3937 385 3991 Tiburticeusis
406 3945 486 4007 atque
504 3941 574 3994 illud
593 3941 627 3993 de
644 3957 787 4010 perperam
805 3947 955 4007 serootum;
972 3943 1035 3994 item
1053 3957 1104 4009 per
1122 3940 1225 3993 literas.

153 4017 201 4071 Et
226 4034 331 4071 errores
353 4020 460 4087 quiden
484 4035 550 4088 quos
571 4036 658 4089 supro
680 4022 743 4075 dici
766 4023 820 4076 orti
843 4022 924 4075 tituto
947 4021 1030 4075 sottus
1053 4020 1141 4087 operis
1164 4035 1224 4072 cum
1239 4017 1327 4084 primi

53 4100 165 4167 capitis
183 4098 314 4163 confuso.
333 4115 402 4166 quoe
417 4116 500 4154 causa
515 4102 595 4154 etiam
609 4103 664 4166 suit
675 4100 973 4165 Hincmoroliemsnsi,
988 4116 1037 4152 cur
1051 4100 1152 4152 diceret
1165 4098 1327 4164 tesseriptum

55 4179 153 4232 Nonii
175 4179 284 4230 tibrum
307 4177 342 4230 de
362 4180 533 4248 proprietate
553 4198 717 4235 sermonum.
737 4189 819 4236 —ut
839 4183 932 4250 quarti
950 4182 1049 4249 capitis
1068 4187 1098 4232 ut
1118 4180 1237 4232 omnium
1256 4177 1326 4229 locu-

54 4260 214 4328 pletisstnn‘
240 4264 307 4311 notu
332 4260 431 4312 addito
448 4259 542 4315 Nonio
561 4264 592 4314 in
617 4261 704 4315 Votis.
725 4267 811 4330 1551,Ι
830 4267 917 4327 1555,
940 4277 997 4314 non
1020 4260 1127 4327 quidem
1150 4259 1229 4311 nutlo
1251 4257 1328 4321 facto

59 4341 229 4393 mutatione.
262 4355 326 4391 narn
351 4340 382 4391 in
406 4341 453 4393 illo
475 4341 584 4409 tepitur:
604 4342 638 4395 de
657 4340 907 4410 significationibus
927 4339 1139 4404 vocabulorum,
1159 4338 1189 4389 in
1207 4337 1269 4390 troc.-
1293 4335 1328 4388 de

59 4419 280 4488 significatione
307 4419 463 4472 verborum.
491 4439 539 4476 nec
562 4423 630 4475 rnale
653 4423 684 4474 in
705 4420 861 4475 Oosonboni
884 4421 972 4474 cortice
995 4436 1052 4487 cop.
1081 4418 1150 4470 XII
1173 4417 1270 4470 titulus
1294 4414 1328 4467 de

61 4501 215 4554 doctorum
239 4498 377 4567 indagine
396 4501 547 4568 inscriptus
565 4501 641 4556 libro.

154 4581 257 4633 Iturisa
281 4580 388 4646 tribus,
412 4587 544 4649 quantum
566 4583 644 4636 notris
667 4582 802 4647 innotuit,
824 4597 880 4634 non
900 4580 1043 4648 plumbus,
1066 4580 1220 4633 corstinctur
1241 4575 1329 4639 libris,

62 4662 97 4727 L,
120 4664 164 4731 P,
184 4663 412 4730 §posnaniam
441 4662 472 4715 in
490 4664 632 4731 principio
651 4664 752 4733 lepitur
770 4662 867 4729 operis,
886 4661 915 4712 in
939 4659 1006 4712 Pet
1025 4659 1112 4728 Spon.
1130 4662 1191 4725 post
1210 4656 1329 4710 titulum.

60 4745 89 4797 ἀι
109 4744 145 4798 ll
163 4760 257 4813 nepus
277 4760 297 4796 a
316 4742 440 4797 Sicsrsio
458 4759 540 4811 neque
559 4744 593 4796 ab
613 4741 745 4797 Onionsio
763 4743 879 4795 rotatum
893 4742 1049 4810 quidquam.
1077 4739 1123 4793 sed
1137 4742 1252 4806 apparet
1267 4736 1330 4789 olim
