3098 5316
199 334 288 403 Qvln
308 339 332 389 A
351 333 517 391 SAEOVLO
536 333 587 389 XV
606 334 859 392 Pnonncnnlun
877 333 1020 391 GRAMM.
1040 354 1062 392 a.
1082 355 1109 406 q.
1129 353 1150 391 a.
1234 335 1299 400 287

38 496 172 564 bonore
195 500 366 564 habuimus
392 502 528 582 suntque
550 497 637 564 haud
661 500 756 583 pauci
779 501 862 563 inter
886 520 950 584 eos,
973 499 1089 584 quibus
1112 520 1179 565 non
1203 499 1299 565 modo

39 603 241 686 studiorum,
262 605 361 671 etiam
386 607 550 671 amicitiae
573 606 709 671 vinculis
733 607 834 671 simus
858 606 968 672 iuncti.

136 712 251 798 Neque
279 713 384 796 magis
413 713 505 778 decet
533 713 683 779 oblivisci
710 713 844 779 eundem
869 711 1082 779 Ritschelium
1106 713 1244 778 Bentleii
1268 716 1301 778 et

41 816 230 885 Hermanni
252 823 454 905 prementem
477 802 618 905 vestigia
640 820 798 904 quaedam
818 819 1001 885 illustrasse
1020 821 1054 884 in
1075 821 1186 886 metris
1205 821 1300 886 comi·

42 944 160 990 eorum
184 926 489 1005 vetustissimorum,
511 928 651 992 maxime
675 928 710 991 in
731 927 879 991 trimetro
899 927 1039 991 iambico
1058 930 1091 990 et
1109 930 1300 992 tetrametro

41 1030 214 1097 &achaico
246 1032 444 1097 catalectico.
490 1031 577 1098 Nam
606 1032 668 1098 etsi
698 1038 827 1098 secutus
856 1054 996 1098 errorem
1023 1033 1239 1099 inveteratum
1268 1038 1301 1097 et

41 1134 112 1203 iam
140 1138 206 1203 fere
233 1138 382 1204 relictum
410 1138 493 1204 falso
521 1139 635 1204 statuit
663 1139 705 1203 ab
734 1137 969 1223 antiquissimis
997 1140 1104 1223 poetis
1133 1141 1243 1204 latinis
1266 1141 1300 1203 in

42 1243 193 1311 versibus
220 1245 400 1330 pangendis
429 1245 573 1330 aliquem
601 1245 805 1330 grammatici
834 1252 983 1311 accentus
1008 1267 1118 1311 auram
1143 1247 1300 1331 habitam,

42 1370 130 1437 quaa
167 1337 299 1418 omnino
336 1352 427 1416 nulla
460 1351 535 1435 fuit,
571 1355 681 1417 tamen
714 1373 825 1417 aarum
860 1374 940 1437 quas
973 1353 1161 1418 observavit
1191 1353 1299 1439 legum

42 1455 152 1523 maior
177 1480 255 1543 pers
283 1464 370 1524 recte
392 1459 507 1542 habet,
534 1459 612 1524 licet
635 1460 676 1524 ab
701 1459 772 1524 aliis
797 1460 895 1544 longe
920 1461 1026 1525 causis
1050 1459 1094 1525 sit
1116 1460 1301 1544 repetenda.

134 1562 305 1631 Savariam
332 1566 500 1649 aliquanto
530 1588 627 1650 quam
655 1566 851 1631 comicorum
878 1565 1025 1649 fuerunt,
1053 1570 1089 1630 ut
1117 1567 1299 1649 oportebat,

40 1672 244 1756 tragicorum
273 1672 573 1757 antiquissimorum
600 1672 723 1757 placita
749 1673 897 1752 metrica,
926 1672 959 1737 id
982 1672 1068 1758 quod
1092 1673 1178 1759 fugit
1200 1680 1300 1739 secta·

39 1778 134 1843 tures
156 1777 337 1845 Ritschelii.

133 1883 205 1951 Iam
232 1886 354 1952 omisso
383 1889 566 1971 temporum
595 1887 705 1952 ordine
734 1889 770 1951 ut
799 1886 911 1952 statim
940 1887 1124 1952 continuem
1152 1889 1298 1972 quaeda

41 1988 165 2058 Plauto
183 1989 399 2077 Terentioque
418 1993 555 2059 dicenda
574 1999 657 2077 sunt,
678 1994 873 2078 laetandum,
892 1993 978 2079 quod
998 1994 1172 2060 editionem
1190 1994 1299 2060 Plauti

44 2119 67 2162 a
83 2096 268 2165 Ritscbalio
290 2120 358 2165 nun
381 2100 564 2165 absolutam
590 2101 821 2167 continuarunt
844 2101 913 2165 eius
932 2100 1083 2186 discipuli
1103 2101 1302 2185 Goetzius‚

41 2201 240 2291 Laevius,
268 2203 505 2291 Schoellins,
533 2228 645 2275 omnes
672 2230 775 2292 paene
804 2211 841 2272 ut
867 2207 998 2272 fabulae
1026 2209 1090 2272 iam
1119 2208 1302 2273 habeantur

45 2318 211 2398 apparatu
234 2313 412 2378 instructae
435 2313 551 2379 idoneo
574 2319 703 2380 etcum
726 2314 853 2379 ratione
876 2318 1046 2379 tractatae.

136 2416 201 2485 Sed
230 2440 296 2484 non
319 2419 425 2484 minus
449 2420 572 2486 scilicet
594 2421 689 2486 nobis
711 2421 801 2485 fuere
825 2421 1037 2503 observandi,⁴
1060 2419 1116 2503 qui
1139 2419 1257 2485 diversi
1281 2443 1301 2485 e

44 2522 221 2591 ltitsahelii
249 2525 362 2591 schola
389 2528 582 2612 propriaque
605 2528 656 2592 uei
678 2528 731 2593 via
754 2526 907 2592 Plautina
931 2526 1038 2592 studia
1061 2531 1299 2610 promoverunt.

10 2674 17 2683 -
135 2631 209 2709 Qua
221 2633 304 2697 inre
319 2633 358 2699 ad
369 2639 499 2699 nostros
511 2656 588 2699 usus
597 2635 738 2718 primum
748 2631 1300 2719 pertinuitAndreaeSpangelii

10 2786 21 2821 ·.
47 2737 128 2807 lber
151 2739 193 2805 da
216 2738 352 2804 canticis
370 2738 531 2805 Plautinis
553 2762 581 2805 a
604 2741 688 2806 1882
707 2741 820 2805 editus.
858 2740 960 2816 Quem
979 2741 1082 2805 virum
1102 2762 1298 2825 quamquam

17 2845 312 2912 -existimobaud
339 2867 414 2910 raro
442 2846 562 2911 tradita
589 2847 674 2911 tueri
703 2847 848 2930 cupidius
873 2847 924 2911 vel
948 2846 1092 2930 proferre
1116 2845 1155 2911 de
1179 2846 1296 2930 quibus

44 2950 192 3037 dubites,
222 2958 333 3019 tamen
360 2974 425 3018 non
452 2975 584 3039 possum
613 2953 690 3038 quin
719 2975 895 3038 agnoscam
924 2952 1053 3038 egregie
1080 2950 1232 3018 meritum
1261 2954 1300 3018 de

40 3060 184 3126 canticis
202 3060 311 3126 Plauti
334 3063 430 3145 atque
454 3060 506 3126 hic
530 3066 566 3126 ut
590 3061 669 3126 alibi
694 3062 804 3127 utilem
829 3066 925 3147 atque
944 3060 1143 3124 luculentam
1162 3061 1298 3144 praesti·

35 3164 126 3232 lissa
150 3165 399 3252 antiquissimae
422 3164 644 3234 Romanorum
667 3168 758 3251 poesi
782 3189 922 3252 operam,
948 3172 985 3231 ut
1007 3166 1176 3250 superbius
1200 3167 1238 3230 de
1262 3188 1298 3230 eo

29 3269 228 3341 iudicatum
252 3296 273 3339 a
294 3273 473 3340 Ritschelio
497 3273 632 3338 doleam.

133 3380 223 3447 Nam
256 3380 317 3445 etsi
344 3381 448 3445 multa
475 3380 659 3446 etiamnunc
686 3382 809 3445 restare
836 3384 917 3463 puto
944 3401 1059 3463 parum
1088 3378 1239 3464 expedita
1266 3380 1299 3444 in

20 3484 99 3555 illa
121 3487 358 3553 obscurissima
377 3492 409 3551 et
427 3486 620 3551 difficillima
638 3490 731 3570 parte
750 3485 902 3551 metricae
921 3487 1157 3551 vetustissimae
1172 3486 1301 3570 latinae,

16 3590 126 3661 illud
149 3601 263 3661 umen
285 3593 373 3660 haud
396 3593 492 3658 dubie
516 3616 535 3658 a
555 3592 727 3679 Spengelio
751 3597 1038 3659 commonstratum
1062 3598 1112 3658 eat
1130 3595 1299 3678 aliquanto

14 3701 171 3769 maiora
204 3704 276 3767 arte
308 3705 342 3766 at
372 3700 535 3786 elegantia
566 3700 600 3764 in
631 3701 765 3767 canticis
794 3722 887 3765 usum
915 3700 1065 3765 Plautum
1093 3722 1187 3784 quam
1215 3699 1300 3764 vide

12 3802 135 3875 bitur
172 3809 274 3873 talem
311 3829 422 3873 eornm
459 3806 608 3871 habitum
640 3806 792 3890 intuenti,
829 3807 933 3890 qualis
966 3806 1051 3891 apud
1084 3805 1299 3871 Ritsohelium

10 3918 225 3999 comperce
248 3949 284 3961 -
306 3906 420 3998 Itaque
446 3911 639 3999 Spengelius
662 3911 749 3976 idem
772 3912 806 3976 in
829 3912 937 3997 lyricis
957 3911 1066 3977 Plauti
1089 3912 1201 3978 metris
1225 3934 1298 3997 pro·

10 4018 150 4106 buit,
184 4018 271 4105 quod
302 4019 337 4084 in
365 4019 513 4084 iambicis
541 4022 574 4083 et
602 4018 776 4084 trochaicis
804 4018 993 4104 Meyerus‚
1025 4019 1109 4084 haud
1139 4039 1299 4104 quaquam

10 4126 147 4197 burdo
162 4127 265 4193 fuisse
279 4126 409 4212 ingenio
424 4130 456 4190 et
470 4127 607 4191 barbaro
623 4126 789 4191 Romanos
804 4124 920 4192 Plauto
935 4124 968 4191 N
969 4126 1124 4210 aevioque
1139 4125 1298 4209 aequales,

10 4234 68 4303 id
103 4234 198 4320 quod
230 4232 329 4298 etiam
360 4234 558 4318 patefactum
587 4240 636 4299 est
664 4235 761 4301 Ennii
789 4233 967 4299 carminum
996 4233 1142 4316 reliqniis
1170 4237 1239 4296 arte
1267 4238 1300 4295 et

10 4342 175 4409 nh'one
197 4341 358 4426 marutia,
380 4341 662 4426 explodendesque
685 4342 845 4407 Momsani
868 4360 979 4425 nugas.

133 4448 240 4515 Porro
253 4444 1301 4534 gratasamamaximaeagendaeGuilelmoStudemundio,

10 4556 139 4625 unius
161 4578 237 4623 cum
260 4556 378 4621 merite
400 4556 435 4620 in
455 4555 606 4621 Plautum
631 4561 709 4620 nota
733 4554 798 4619 sint
816 4555 899 4619 inter
917 4575 1029 4618 omnes
1049 4557 1082 4617 et
1100 4554 1302 4639 pervulgata,

10 4663 183 4753 propriu
209 4683 270 4728 nos
298 4661 444 4726 devinxit
471 4663 593 4746 officio,
623 4661 823 4727 transmissis
851 4682 923 4725 cum
951 4661 1017 4725 iam
1041 4660 1189 4726 officinas
1214 4683 1300 4726 exer·

10 4772 134 4839 aaut
146 4766 278 4835 Nonius
296 4767 457 4853 partibus,
473 4772 508 4833 ut
522 4789 666 4854 quaeque
680 4767 771 4852 typis
787 4773 872 4832 esset
886 4789 1047 4852 expressa,
1062 4767 1300 4833 dissertationis
