3098 5316
678 1047 720 1150 L.

616 1273 769 1334 INCIPIT

330 1434 393 1507 DE
421 1432 757 1506 ΡΒΟΡΒΙΕΤΑΤΕ
788 1432 1062 1507 SERMONVM.

181 1629 289 1680 sanwic
310 1613 361 1673 est
383 1607 526 1674 taedium
550 1613 583 1673 et
606 1608 724 1692 odium,
747 1608 866 1674 dictum
886 1632 906 1673 a
925 1611 1099 1693 senectute,
1123 1605 1208 1690 quod
1227 1627 1320 1670 senes

8 1784 19 1812 ,.,
104 1723 231 1790 omnibus
251 1716 320 1782 odio
344 1715 411 1779 sint
433 1719 468 1779 et
489 1715 609 1780 taedio.
655 1712 816 1779 Caecilius
839 1716 874 1778 in
897 1715 1152 1800 Hephaestione:

72 1856 87 1903 5
236 1843 288 1894 tum
306 1844 396 1893 auum
415 1838 444 1889 iu
462 1837 605 1891 senectute
624 1837 676 1891 hoc
695 1836 800 1905 deputo
819 1835 1018 1904 miserrimum,

234 1922 330 1974 sentire
348 1935 384 1973 ea
401 1920 495 1972 aetate
513 1920 627 1986 eumpse
647 1933 707 1972 csse
727 1915 854 1972 odiosum
874 1916 965 1972 illari.

102 2035 195 2044 ——-
210 2031 282 2039 -—

174 2109 188 2154 4
204 2097 331 2154 Caecilius
349 2096 566 2166 Hephaestione.

172 2280 195 2334 1.
212 2278 229 2333 2
250 2277 379 2332 Codicum
401 2280 557 2330 nostrmm
573 2274 650 2328 tituli
668 2273 806 2342 capitibus
823 2273 942 2343 sinpulis
960 2277 1082 2345 praefici
1099 2277 1150 2331 ubi
1166 2278 1201 2332 ab
1219 2277 1322 2333 indicis

88 2361 232 2429 &pemani
248 2359 391 2424 maaria,
410 2373 471 2410 cam
489 2372 557 2410 cura
574 2360 707 2409 notatum.
727 2384 760 2393 -
779 2360 923 2423 praeterea
941 2357 1065 2426 inscript.
1085 2359 1117 2412 in
1134 2359 1215 2412 lshris
1233 2374 1321 2412 recen-

84 2442 187 2497 tissimis
202 2439 350 2508 attestando
367 2438 528 2490 immutatae
544 2436 586 2490 oei
603 2436 722 2490 amasae.
749 2435 782 2489 de
800 2451 853 2504 quo
870 2437 943 2491 nillil
960 2439 1016 2504 [ere
1034 2439 1157 2493 rnatum.
1173 2469 1207 2478 -
1227 2439 1243 2491 l
1264 2438 1321 2493 lnc.

78 2541 127 2578 on.
147 2520 180 2587 C‚·
196 2520 291 2574 Bamb.
310 2549 343 2558 -
364 2517 382 2572 2
401 2518 498 2586 Propr.
518 2517 600 2578 icem,
618 2516 690 2584 meod
709 2511 883 2586 imponens.
903 2517 974 2572 -a
993 2519 1102 2573 senium
1120 2522 1164 2574 est
1182 2519 1321 2584 taedium3

74 2620 131 2657 aaa
150 2602 293 2670 inilicitum
313 2598 444 2652 memoria
463 2597 553 2664 praes.
575 2594 643 2651 Geli.
663 2612 778 2665 parops.
799 2601 833 2650 11
853 2597 920 2667 lepi:
942 2596 1043 2667 quibus
1063 2598 1092 2653 in
1110 2598 1237 2669 legendis
1256 2603 1322 2654 ante

71 2683 180 2736 animus
207 2681 283 2735 senio
311 2696 344 2733 ac
368 2677 465 2731 taedio
487 2675 640 2746 languebit.
660 2706 692 2717 -
712 2676 820 2731 tedium
842 2708 877 2716 -
900 2678 977 2734 tedio
1002 2680 1037 2746 C,
1062 2681 1199 2749 Montcp.‚
1222 2682 1321 2735 Bamb.

69 2763 89 2816 4
108 2766 174 2816 sunt
188 2762 236 2831 lc.
254 2791 286 2800 -
302 2760 332 2813 in
344 2757 561 2827 Hephaestione.
586 2762 656 2826 puto
674 2775 693 2810 a
706 2756 743 2812 N.
762 2758 794 2810 in
812 2759 933 2812 citandis
951 2761 1131 2828 scriptoribus
1148 2778 1251 2830 smisper
1266 2762 1323 2827 fere

65 2845 194 2897 omissam
210 2841 449 2910 praepositionem.
477 2855 546 2907 puae
563 2844 653 2892 mnus
666 2838 715 2891 ubi
728 2838 892 2905 optinorum
904 2839 1033 2905 firmatur
1044 2840 1177 2893 librorum
1191 2856 1322 2894 consona

63 2942 81 2976 a
97 2924 178 2976 nohis
191 2927 308 2975 servata.
321 2951 353 2958 -
369 2916 576 2987 Hephaestione
590 2917 723 2983 Batinum
737 2916 908 2986 Ephestionc
923 2919 963 2973 ed.
979 2924 1102 2986 α.1176,·
1116 2920 1238 2974 efesione
1253 2921 1278 2989 (f
1290 2938 1323 2974 ec

62 3021 81 3071 p
100 3003 168 3067 [aet.
189 3001 247 3071 11¹)
263 3002 294 3066 C,
313 3001 428 3067 Bamb.;
446 2996 592 3052 effossione
613 2995 705 3052 Paris.
722 3002 804 3052 7666.
822 3030 853 3037 -
869 2999 887 3054 5
906 3002 1001 3054 autem
1019 3001 1083 3054 add.
1101 3001 1151 3068 I1‚·
1168 3019 1234 3055 nunc
1253 3003 1323 3055 idem

59 3088 121 3150 post
148 3084 213 3135 tum
238 3098 290 3135 om.
314 3082 345 3133 in
369 3080 448 3133 Liuii
470 3095 549 3132 versu
572 3081 637 3142 335,
659 3094 680 3131 s.
704 3078 721 3131 l.
745 3077 877 3144 lustrar03
904 3080 924 3145 s.
949 3083 1009 3133 tum
1032 3095 1094 3149 ego.
1114 3082 1185 3133 -a
1209 3098 1323 3151 eumpse

60 3163 264 3216 Fleckeescnus
282 3179 348 3214 anre.
364 3160 462 3229 philol.
478 3164 550 3213 1365
567 3175 594 3225 p.
611 3163 681 3223 566;
699 3157 798 3228 Berpls.
818 3175 861 3227 op.
878 3160 905 3225 Ι,
920 3165 982 3214 395.
1020 3175 1134 3229 eumpse
1150 3178 1204 3230 pro
1222 3162 1323 3230 ipsum,

58 3249 88 3294 ut
111 3243 195 3311 apusct
221 3243 393 3306 Pacuvium,
420 3239 493 3293 Non.
517 3242 572 3292 124
600 3254 621 3291 s.
645 3255 669 3292 v.
697 3236 760 3304 icit,
790 3240 849 3305 (ubi
872 3241 933 3293 item
958 3241 1023 3293 libri
1046 3256 1109 3294 euni
1134 3239 1245 3311 ipsum).
1283 3245 1325 3295 ita

58 3323 131 3377 Fest.
159 3328 223 3376 275
253 3336 354 3391 reapse
382 3337 437 3389 pro
460 3335 489 3372 re
511 3319 586 3388 ipsa;
610 3333 696 3385 porro
719 3319 833 3372 Enniam
855 3326 880 3373 et
905 3319 1046 3374 Pacuuius
1069 3338 1151 3389 sapsa
1176 3339 1231 3390 pro
1253 3323 1324 3390 ipsu.

53 3406 237 3472 decentiora
255 3405 363 3471 quidem
383 3402 462 3466 hacc,
488 3415 556 3468 quae
574 3404 664 3451 tamen
684 3396 821 3452 Ciceronis
839 3405 864 3452 el
883 3400 972 3453 Nonii
990 3416 1122 3454 consensu
1138 3402 1268 3456 uidentur
1285 3419 1325 3456 re·

51 3486 162 3548 tutari:
183 3483 298 3538 sentire
318 3484 347 3535 te
364 3483 457 3534 aetate
472 3482 535 3549 Ipsa
549 3494 607 3532 esse
623 3476 751 3532 odiosum
766 3479 858 3534 alteri.
875 3511 906 3517 —-
926 3481 1104 3548 oraomsimae
1117 3486 1207 3534 autem
1221 3483 1252 3535 in
1267 3483 1326 3551 ipso

50 3568 150 3618 limine
169 3565 265 3617 isesias
285 3564 351 3616 libri
369 3563 464 3616 turbae
482 3565 557 3614 ortae
575 3559 714 3612 doctorum
732 3559 852 3612 incuria.
881 3574 946 3626 quos
960 3575 1020 3612 cum
1033 3562 1148 3630 tupisset
1164 3560 1325 3626 Ciceronem,

48 3649 98 3714 qui
118 3646 213 3712 affert
232 3643 350 3697 Caecilii
366 3657 459 3696 cerasis
477 3642 509 3694 cle
526 3656 581 3692 sen.
597 3655 656 3706 cap.
673 3638 768 3703 VIII,
787 3639 863 3692 lmml
880 3655 945 3692 sain
960 3641 1079 3706 peritum
1098 3642 1184 3706 fuisse
1201 3643 1327 3695 metricae

47 3728 231 3779 comicorum
259 3755 291 3762 -
316 3725 349 3777 ‹te
373 3740 429 3792 qua
451 3737 480 3775 rc
502 3722 560 3788 ipse
583 3724 698 3772 testatur
721 3719 878 3787 plenissime
900 3724 968 3774 orat.
993 3723 1179 3788 55,1ee-,
1202 3722 1326 3775 Nonium

47 3825 80 3859 ex
112 3805 259 3858 Cicerone
290 3821 371 3872 msam
401 3819 435 3856 ee
458 3801 551 3854 Nonio
576 3798 729 3853 maronem
756 3800 896 3853 emendare
923 3801 1085 3854 maluerunt.
1127 3819 1193 3856 noni
1215 3803 1240 3856 is
1262 3804 1327 3856 liaeo

47 3888 148 3940 lanhet:
171 3888 242 3937 tum
262 3882 395 3950 equidem
412 3882 442 3936 in
461 3882 574 3934 senecta
591 3880 645 3933 hoc
664 3878 768 3947 deputo
788 3879 972 3932 miserrimum
992 3879 1094 3934 sentire
1110 3896 1143 3934 ea
1157 3884 1250 3936 aetate
1265 3899 1325 3936 esse

47 3986 76 4019 se
98 3966 248 4018 odiosum
270 3962 362 4017 alteri.
395 3964 427 4016 in
445 3962 544 4031 quibus
561 3961 633 4013 illud
651 3957 681 4012 in
701 3962 815 4012 senecta
833 3961 1024 4027 interpolando
1042 3967 1158 4030 apparet
1177 3962 1211 4015 ab
1230 3978 1259 4015 co
1278 3979 1325 4016 no·

48 4052 167 4109 ectum,
196 4043 277 4113 quod
295 4046 407 4097 nesciret
426 4044 457 4095 in
476 4042 618 4095 senectute
637 4040 748 4107 culpari
765 4055 820 4093 usu
837 4042 941 4109 corripi
957 4057 1034 4109 posse
1051 4043 1206 4095 secundam.
1243 4058 1326 4111 neque

49 4128 145 4192 napis
167 4129 248 4176 recte
267 4123 356 4183 habet,
375 4123 447 4191 quod
464 4122 544 4191 culpo
561 4121 695 4188 scriptum
713 4121 773 4172 tum
793 4120 922 4187 equidem
942 4121 970 4174 in
985 4122 1139 4187 senectute,
1158 4139 1219 4175 mim
1232 4123 1325 4190 dupli-

50 4213 134 4258 catas
167 4206 262 4256 initia
290 4204 407 4256 trimetri
434 4207 598 4270 anapaestus
623 4216 726 4268 parum
753 4202 951 4254 commendetur
975 4219 997 4254 r.
1021 4219 1055 4255 m.
1075 4232 1109 4240 —
1131 4203 1223 4270 itapsic
1245 4205 1326 4256 ctiam

53 4286 197 4353 equidem
217 4300 313 4337 errore
329 4282 475 4346 Ciceronis,
494 4281 676 4351 neplepentius
693 4283 724 4333 ut
742 4296 822 4348 saepe
840 4281 874 4334 ab
889 4283 1034 4347 casnetum
1049 4285 1132 4337 citato
1146 4289 1265 4351 auctore,
1284 4285 1327 4338 in·

54 4373 163 4420 rectum
192 4367 225 4417 in
253 4363 338 4416 serta
357 4361 478 4415 Caecilii.
498 4392 530 4399 -
553 4360 645 4413 Cicero
668 4365 757 4415 auton
775 4361 824 4414 lioc
842 4366 873 4414 ut
891 4363 956 4415 aliis
974 4364 1040 4417 locis
1058 4364 1220 4417 comicorum
1238 4366 1326 4418 metri·

55 4465 116 4500 eum
142 4451 237 4500 aram
264 4444 303 4497 acl
326 4443 482 4510 aequnlium
504 4441 559 4508 ipsi
577 4441 745 4510 tropicarum
763 4443 974 4496 accommodavit
993 4459 1129 4511 amimam,
1151 4446 1200 4512 qui
1222 4450 1327 4512 quanta

57 4531 113 4580 n'nt
139 4529 188 4580 aei
214 4528 287 4594 lepis
310 4526 463 4587 severitate,
485 4525 601 4589 apparet
623 4537 657 4573 ec
680 4523 814 4575 conuersis
831 4523 866 4575 ab
886 4522 934 4576 illa
956 4523 1035 4578 Tusc.
1056 4525 1100 4588 11,
1119 4532 1151 4590 8;
1169 4530 1203 4592 9,·
1221 4530 1256 4577 10
1275 4526 1326 4580 So-

56 4610 166 4677 phoclis
190 4613 217 4661 et
238 4605 373 4674 Aescnyli
394 4603 530 4664 seruilium
552 4602 583 4653 in
605 4601 705 4669 quibus
727 4604 925 4656 constituendis
945 4605 1018 4657 clocti
1036 4622 1091 4658 non
1109 4606 1209 4673 utiquc
1226 4608 1328 4661 casati

60 4690 185 4753 feliciter.
208 4718 245 4727 —
265 4688 351 4741 etiam
371 4686 403 4737 in
421 4682 538 4736 mcuiulo
557 4698 634 4735 amau
652 4681 846 4749 interpolatum
865 4701 882 4736 a
901 4681 1037 4751 Cicerone,
1057 4687 1129 4753 quoa
1147 4675 1327 4753 offenderetur
1351 4716 1357 4729 ·

58 4786 84 4824 eo
102 4770 183 4838 quod
204 4773 246 4821 est
266 4783 394 4833 eumpse.

107 4870 177 4910 Non
194 4868 281 4908 Mnac.
297 4865 321 4905 C.
336 4864 365 4903 D.
380 4863 416 4902 sd.
429 4862 455 4901 11.
469 4862 595 4902 uveam.
1100 4862 1112 4907 1
