3098 5316
327 318 375 374 DE
394 318 674 386 INSEQVIINTIVM
694 318 941 378 SAECVLORVM
960 338 984 376 e.
1005 341 1031 391 q.
1051 342 1070 376 s.
1265 321 1331 386 269

66 499 132 561 pro
156 481 348 549 abscondidit
371 481 434 582 (ita
457 483 526 548 cdd.
550 506 608 568 pro
632 507 670 550 eo
695 485 780 570 quod
800 489 850 550 est
867 485 1058 551 abscondidit
1069 506 1130 567 pro
1147 484 1333 571 abscondit),

72 587 165 652 unde
187 589 320 656 ductum
343 591 464 675 legitur
486 591 521 656 in
544 592 689 677 glosario
713 592 935 678 Lugdunensi:
958 591 1123 678 abscondit,
1143 595 1287 660 recondit.

168 691 238 761 Nec
261 718 338 762 vero
361 697 396 762 in
416 697 535 764 Adami
553 698 786 785 Parvipontani
805 698 950 784 aequalis
969 697 1084 763 Ioanni
1103 721 1141 764 ac
1160 699 1331 764 familiaris

72 800 221 883 epistula
253 802 294 868 ad
322 805 528 890 Anselmum,
560 807 600 871 de
632 829 696 891 qua
729 804 923 870 conferenda
954 827 1036 889 quae
1068 805 1151 870 dixit
1178 804 1331 871 Hertaius

72 928 220 991 prooem.
245 908 326 983 Gell.
349 933 402 997 pg.
426 911 567 982 XXXIV
582 936 643 998 sq.,
675 913 743 978 ulla
776 913 914 977 lectitati
941 909 1041 978 Nonii
1073 917 1166 978 sunt.
1183 913 1332 999 vestigia,

74 1035 273 1100 quamquam
297 1037 474 1102 agnoscere
497 1020 558 1084 sibi
578 1020 666 1085 visus
685 1023 736 1084 est
753 1017 797 1082 M.
815 1017 989 1104 Hauptius,
1012 1020 1068 1104 qui
1087 1022 1212 1107 primus
1232 1021 1332 1085 edidit

73 1121 188 1187 societ.
226 1122 309 1189 doct.
342 1122 459 1190 Saron.
493 1132 554 1192 act
586 1150 614 1193 a.
648 1126 733 1193 1849
766 1146 819 1210 pg.
852 1126 917 1191 276
938 1149 1007 1211 sqq.
1056 1125 1125 1193 Nec
1157 1128 1263 1213 magis
1296 1129 1330 1191 in

73 1226 253 1296 Panormia
286 1229 424 1298 Osberni
463 1234 613 1299 monachi
642 1233 888 1298 Glocestriensie
924 1233 1035 1299 eodem
1076 1235 1143 1299 fere
1176 1241 1331 1318 tempore,

74 1357 142 1420 quo
171 1336 306 1403 Ioannis
329 1338 555 1422 Polieraticus,
584 1341 765 1424 composita
793 1337 904 1426 (huius
934 1341 1019 1405 enim
1048 1363 1118 1406 esse
1142 1341 1329 1406 thesaurum

73 1463 197 1509 novum
232 1444 408 1510 latinitatis
441 1447 482 1512 ab
515 1446 641 1532 Angelo
673 1446 761 1511 Maio
795 1451 964 1512 auctorum
997 1450 1203 1513 classicorum
1238 1454 1331 1532 parte

75 1548 161 1616 VIII
194 1573 222 1616 a.
257 1553 343 1618 1836
380 1554 502 1618 editum
540 1554 682 1619 ostendit
716 1553 896 1618 Guilelmus
927 1554 1078 1640 Meyerus
1116 1577 1196 1619 mus.
1228 1553 1331 1618 Rhen.

71 1656 201 1739 XXIX,
226 1659 289 1724 179
305 1656 369 1746 sq.)
401 1661 522 1727 indicia
554 1664 666 1726 extant
694 1659 792 1725 Nonii
825 1659 964 1727 adhibiti
991 1683 1096 1746 neque
1125 1667 1161 1726 ut
1187 1667 1268 1744 puto
1297 1663 1330 1726 in

73 1762 260 1852 Vgntionis'
291 1767 375 1831 libro
409 1767 660 1850 derivationum,
699 1767 785 1832 eirca
818 1768 906 1833 1192
937 1768 1085 1852 vulgate,
1123 1769 1161 1833 de
1194 1791 1257 1852 quo
1290 1768 1330 1833 ef.

72 1870 200 1939 Loewii
218 1873 385 1939 Prodrom.
403 1895 458 1960 pg.
477 1876 542 1941 243
557 1897 615 1960 sq,
634 1874 861 1958 superantibus
881 1875 1004 1939 scilicet
1022 1875 1181 1940 Prisciani
1199 1874 1328 1941 Isidori·

71 2001 139 2065 que
162 1984 196 2045 et
214 1980 308 2046 Pauli
330 1981 433 2065 libris,
455 1981 572 2066 quibus
596 2004 678 2066 quae
702 1981 945 2046 continerentur
968 1982 1115 2046 exeuntis
1138 1982 1235 2046 medii
1260 1982 1330 2047 aevi

73 2085 182 2153 doctis
205 2110 273 2154 non
295 2089 404 2154 minus
429 2095 517 2154 certa
539 2091 609 2155 visa
633 2091 710 2155 sunt
732 2093 765 2152 et
786 2091 951 2172 comperta
975 2110 1071 2172 quam

290 2201 395 2271 Pythia
413 2218 486 2271 quae
504 2202 615 2273 tripode
634 2220 668 2257 ex
686 2201 795 2258 Phoebi
812 2200 949 2271 lauruque
968 2202 1103 2271 profatur.

69 2300 239 2370 Memorat
260 2308 370 2369 tamen
393 2302 607 2380 Quicheratus
630 2326 682 2390 pg.
706 2302 770 2369 XII
796 2301 938 2367 codicem
963 2302 1124 2386 quendam
1147 2303 1329 2368 Parisinum

70 2405 179 2498 (7596
202 2409 249 2498 n.)
277 2434 305 2477 a.
336 2412 418 2476 1207
447 2447 484 2457 -
512 2413 661 2495 eundem,
689 2416 726 2476 ut
754 2415 847 2494 puto,
875 2430 969 2492 quem
997 2411 1106 2494 tangit
1127 2410 1329 2475 Reuvensius

70 2513 159 2582 con.
187 2515 267 2584 Litt.
295 2539 354 2603 pg.-
378 2518 441 2584 186
468 2555 522 2602 -,
555 2542 618 2604 quo
647 2516 862 2605 quadraginta
890 2516 1018 2581 circiter
1047 2517 1201 2582 lemmata
1230 2515 1330 2582 Nouii

69 2622 292 2690 exhibeantur
314 2625 471 2708 exemplis
494 2648 655 2710 nusquam
679 2623 808 2719 additis.

162 2732 242 2797 Alia
269 2736 377 2797 autem
400 2730 501 2797 Nonii
524 2754 583 2817 per
606 2752 687 2796 saec.
710 2729 784 2812 XII,
806 2728 895 2812 XIII,
918 2728 996 2793 XIV
1020 2730 1173 2814 descripti
1196 2733 1248 2796 vel
1272 2732 1328 2797 ed-

71 2837 173 2903 hibiti
202 2839 350 2923 exempla
367 2829 468 2904 'certa
496 2838 576 2903 mihi
605 2837 735 2923 quidem
762 2859 827 2901 non
850 2837 1028 2901 innotuere.
1074 2835 1160 2901 Nam
1185 2860 1226 2903 ne
1250 2837 1329 2903 Vin-

72 2946 204 3010 centius
229 2946 359 3030 quidem
383 2945 636 3024 Bellovacensis,
665 2946 791 3029 etipse
815 2944 1061 3028 compendiosae
1085 2944 1264 3031 doctrinae,
1293 2951 1329 3012 ut

72 3050 136 3117 illo
168 3055 331 3136 tempore,
363 3053 442 3117 setis
474 3053 616 3118 eruditae
644 3055 771 3136 auctor,
801 3057 957 3135 quantum
986 3055 1187 3137 compertum
1214 3052 1329 3136 habeo,

74 3178 157 3224 uene
180 3164 232 3224 est
254 3180 302 3225 eo.

165 3262 291 3332 Contra
313 3266 389 3330 inde
412 3290 432 3331 a
455 3288 537 3333 saec.
555 3265 616 3332 XV
641 3268 726 3332 idem
749 3288 860 3330 rursus
880 3266 1007 3348 saepius
1028 3265 1166 3330 describi
1185 3271 1327 3350 coeptus,

70 3392 148 3437 cum
181 3373 280 3438 facile
312 3378 423 3459 posset
456 3374 618 3458 intellegi,
656 3374 769 3458 quenti
803 3376 890 3437 esset
922 3372 1140 3436 aestimandus
1174 3374 1237 3455 eis,
1274 3375 1329 3457 qui

73 3480 296 3546 vetustissimi
320 3481 477 3545 sermonis
501 3480 596 3546 latini
619 3486 807 3545 tenerentur
831 3478 949 3543 studio.

161 3587 202 3654 In
221 3587 353 3654 Italiam
377 3607 416 3652 ex
435 3587 541 3653 Gallie
564 3593 640 3673 post
662 3589 790 3653 finitum
816 3586 987 3651 concilium
1008 3584 1255 3651 Constantiense
1274 3586 1328 3650 ad·

71 3700 204 3761 rectum
233 3697 400 3780 exemplar
422 3694 522 3761 Nonii
550 3718 649 3780 opera
671 3696 805 3780 Poggii,
832 3695 888 3778 qui
916 3694 950 3757 in
975 3693 1067 3775 epist.
1090 3690 1163 3774 Xll,
1186 3715 1238 3778 pg.
1266 3696 1327 3759 148

73 3802 117 3869 ed.
147 3801 372 3887 Tonellianac,
404 3804 444 3867 ad
477 3801 649 3868 Nicolaum
678 3801 828 3868 Nicolum
863 3801 939 3864 data
967 3799 1088 3863 Romae
1120 3797 1233 3864 XVIII
1256 3799 1329 3865 Kal.

10 3896 25 3905 ”
70 3904 176 3974 Ilniae
202 3911 279 3975 anni
303 3915 340 3975 ut
362 3909 509 3975 Tenellio
533 3910 662 3975 videtur
688 3910 773 3974 1425
796 3908 876 3972 haec
899 3906 1011 3972 habet:
1041 3905 1113 3972 ‘boc
1134 3927 1186 3989 epo
1209 3912 1236 3972 te
1257 3929 1329 3991 repo

24 4026 33 4031 '
66 4017 277 4102 numantiae,
303 4019 409 4082 mittas
435 4017 527 4080 etiam
555 4016 691 4082 lebedum
714 4016 814 4080 Nonii
836 4014 995 4096 Marcelli,
1021 4034 1109 4096 quem
1137 4015 1180 4078 od
1207 4017 1330 4081 tamisi

67 4140 137 4187 mo
164 4143 237 4188 mem
264 4123 453 4189 otiaretur
479 4143 517 4188 ec
539 4122 666 4189 Porteio
689 4124 836 4204 scrcpbcm
858 4121 969 4186 litteris
991 4122 1145 4204 antiquis;
1168 4123 1329 4204 quesierit

64 4228 152 4295 nabi
174 4233 326 4296 maiorem
347 4232 383 4295 in
405 4232 529 4296 raedam
549 4229 699 4313 protum!
727 4267 763 4278 —
791 4231 899 4314 Atque
923 4229 1022 4294 etiam
1045 4230 1079 4293 in
1102 4229 1246 4294 eiusdem
1270 4230 1325 4295 Ni-

14 4408 20 4415 ,
58 4336 156 4404 colai
185 4337 523 4423 elogiofol.102sq.
552 4338 600 4401 ed.
627 4339 838 4424 Argentorat.
867 4360 895 4402 a.
926 4337 1011 4403 1513
1039 4337 1125 4401 inter
1153 4337 1327 4421 scriptores

57 4462 85 4509 ι
104 4465 147 4510 se
166 4445 318 4510 inventos
338 4445 371 4509 in
386 4442 497 4509 Gellia
517 4449 550 4509 et
564 4444 739 4511 Germania
756 4451 916 4510 memorat
930 4443 1088 4511 Nonium:
1107 4446 1161 4527 qui
1174 4446 1327 4529 inteprcm

51 4550 317 4635 Qubrtdicnum,
331 4547 486 4618 &moab
498 4554 598 4618 nostri
612 4556 772 4638 erutiones,
787 4553 903 4619 Silium
916 4553 1071 4636 Italicam,
1085 4553 1225 4618 Neretum
1235 4552 1327 4618 Mor·

46 4659 191 4743 mltum,
214 4658 353 4725 Lucretii
364 4665 488 4742 portem
506 4661 677 4745 multosque
688 4667 882 4745 praeterear
903 4658 1132 4724 Gcrnronorrcm
1150 4659 1326 4726 Gotbranc·

38 4784 123 4851 que
141 4765 312 4850 etpostutis
329 4786 397 4830 mco
414 4766 576 4850 ditipeotc'a
595 4770 696 4849 cripui
712 4770 853 4848 atquem
872 4769 968 4833 luccen
986 4769 1090 4832 catuli.
1123 4772 1325 4853 Quernquam
