3164 5326
26 877 64 926 10

308 361 355 415 DE
374 358 488 414 VARIA
507 358 799 414 SIGNIFICATIONE
818 357 1031 414 SERMONVM.
1060 357 1106 413 lv.
1269 359 1332 422 351

1250 452 1289 490 ese
1304 451 1334 489 re.

678 526 738 600 IV.

624 699 792 767 INCIPIT

233 864 296 937 DE
324 865 474 938 VARIA
503 865 893 938 SIGNIFICATIONE
923 863 1188 938 SERMONVM

571 1018 644 1074 PER
661 1018 850 1075 LITTERAS.

415 1182 581 1252 INCIPIT
603 1183 692 1250 PER
716 1183 744 1248 A
768 1183 1001 1249 LITTERAM.

173 1327 362 1376 Invonsvn
387 1314 500 1376 contre
523 1309 692 1395 sIgnificnt.
731 1309 902 1374 Terentius
927 1310 988 1391 [in]
1014 1309 1185 1395 Adelphis:

245 1449 336 1502 neque
356 1432 529 1489 edrvulornm
549 1434 705 1500 qnisquam,
725 1431 773 1500 qui
792 1432 942 1486 advorsum
961 1433 1058 1487 lerant

173 1584 334 1652 maan

76 1696 293 1704 *mn—...-

170 1745 302 1815 Sequitur
325 1751 408 1815 eaput
429 1747 506 1816 lonpe
524 1745 723 1815 amplissimum
741 1748 819 1811 (nam
832 1747 899 1814 plus
916 1747 999 1799 tertia
1013 1751 1095 1814 parde
1113 1747 1233 1801 continet
1250 1749 1335 1802 totius

73 1826 183 1896 operm)
215 1825 338 1895 idemque
370 1828 570 1896 pravissimum.
600 1856 633 1866 —
662 1831 822 1895 arpumento
849 1831 982 1895 quantum
1009 1827 1122 1893 differat
1148 1845 1167 1881 a
1192 1828 1283 1896 prima
1310 1833 1336 1882 et

73 1905 213 1974 secum,
235 1906 299 1959 item
321 1906 357 1961 ab
381 1907 446 1962 aliis
468 1907 534 1963 lacis
554 1906 766 1975 Compendmsae
783 1906 948 1973 Doctrinae,
968 1906 1017 1960 ubi
1031 1907 1219 1976 paraphrases
1233 1924 1336 1977 prapa-

72 1991 188 2042 nuntur
210 1986 406 2055 medianum,
428 1988 489 2057 ipsa
508 1988 651 2042 indicatur
669 1987 758 2041 titula.
779 2017 811 2026 -
830 1986 955 2054 sontibus
973 1992 1062 2041 autem
1080 2003 1149 2042 usus
1166 1993 1205 2042 est
1222 1988 1355 2042 Nonius'

73 2067 203 2122 obscures
230 2066 339 2136 meilen
363 2067 522 2136 plerumque
549 2073 574 2121 et
597 2067 722 2134 incertis,
750 2066 881 2135 nepiecta,
909 2067 1126 2136 utplurimum,
1160 2066 1262 2134 Gellio,
1289 2070 1336 2123 sed

73 2148 191 2217 neptus
213 2148 337 2216 eprepiie.
358 2152 435 2201 -et
458 2164 621 2216 quamquam
644 2148 766 2216 stuporis
783 2145 864 2213 idern
881 2148 1039 2217 superantis
1056 2164 1091 2201 ne
1109 2148 1140 2202 in
1157 2148 1209 2202 liae
1227 2150 1335 2219 quidem

71 2233 160 2296 parte
176 2228 277 2282 demeat
290 2227 411 2296 exempla
427 2231 523 2297 (neque
536 2229 624 2282 ullum
637 2234 676 2282 est
689 2228 778 2297 mapie
790 2228 933 2297 culpatum
946 2227 1044 2282 vitium
1057 2228 1130 2282 inter
1143 2230 1336 2298 prammaticos

73 2324 162 2377 quam
186 2308 218 2361 in
236 2307 408 2377 eeplicandie
426 2309 775 2386 scriptoribuslsupponere
791 2300 894 2373 senens,
912 2322 969 2361 nan
987 2310 1142 2376 exponere),
1161 2314 1260 2377 tanen,
1279 2311 1336 2365 nisi

75 2388 159 2443 labor
185 2388 288 2453 ammi,
315 2391 418 2443 maiore
444 2389 572 2443 nonnihil
600 2406 669 2444 cura
696 2394 721 2443 et
743 2388 865 2442 sollertia
887 2388 919 2441 in
943 2403 975 2442 ea
996 2387 1105 2442 uidetur
1127 2403 1181 2444 esee
1203 2395 1335 2455 versatae,

70 2469 184 2538 puriter
197 2473 279 2538 utque
293 2468 324 2522 in
335 2470 433 2539 pariata
447 2475 472 2523 et
485 2476 577 2534 senta;
591 2485 660 2539 quas
674 2469 745 2522 inter
757 2468 865 2536 priores
878 2467 1018 2522 duodecim
1032 2472 1147 2537 tempore
1160 2485 1214 2523 esse
1223 2471 1336 2525 ultimas

74 2548 163 2615 facule
184 2549 277 2619 possis
300 2550 466 2618 persuadere
494 2551 593 2605 anime.
616 2579 646 2591 -
667 2564 754 2619 porra
776 2546 932 2602 natandum
953 2546 1107 2602 Ciceronem
1129 2554 1154 2602 et
1176 2548 1335 2620 Verpilium,

75 2645 142 2684 mres
159 2633 184 2682 et
201 2629 273 2684 aliti
291 2630 407 2686 multum
424 2636 619 2698 numerentur,
636 2630 681 2684 liic
698 2633 790 2684 tamen
807 2628 885 2696 lonpe
903 2629 987 2683 citari
1005 2629 1227 2698 frequentissime.
1256 2632 1334 2685 euius

76 2710 187 2779 quidem
209 2712 253 2766 rei
275 2726 361 2777 cauea
383 2711 416 2766 in
434 2716 528 2781 aperto
546 2717 592 2766 est.
612 2741 646 2750 —
664 2709 737 2779 quod
755 2713 846 2762 auum
864 2708 933 2764 dicit
951 2708 1092 2763 Mercerus
1110 2715 1195 2778 caput
1212 2711 1262 2766 liae
1280 2713 1335 2777 sere

75 2797 166 2846 talum
178 2792 301 2861 propria
318 2793 571 2847 connareoleetione
588 2791 693 2858 Nonii,
715 2789 813 2857 fefellit
831 2804 892 2843 eum
910 2790 1012 2858 opinio.
1040 2806 1073 2845 ac
1087 2792 1183 2859 patim
1201 2806 1335 2861 apnascas

74 2870 212 2926 eonium
224 2871 344 2940 perinde
361 2877 442 2940 atque
460 2877 523 2927 aute
541 2872 621 2927 libris
639 2872 758 2925 aliorum
776 2871 1017 2939 praeimatieorum
1035 2871 1171 2925 serviliter
1184 2871 1333 2926 addictum.

73 2968 242 3020 cumptum
270 2954 340 3022 puin
362 2954 449 3021 plura
475 2969 557 3022 quam
585 2952 655 3006 alibi
680 2968 714 3005 ece
737 2951 857 3019 propria
882 2950 1133 3021 culpatissimarum
1159 2952 1333 3020 scriptarum,

75 3030 218 3087 Ciceronis
241 3038 266 3087 et
289 3032 418 3101 Verpdii,
446 3034 557 3087 lectione
581 3033 721 3087 addidisse
743 3032 882 3097 videatur,
910 3047 966 3084 nan
989 3032 1133 3086 intercede.
1153 3062 1187 3070 —
1206 3033 1249 3086 his
1273 3049 1334 3086 cum

69 3113 229 3182 plurimum
252 3115 408 3181 innitatur,
432 3120 562 3182 quartum
584 3118 668 3182 caput
691 3113 723 3166 in
745 3112 874 3180 exemplis
897 3115 1038 3166 auctorum
1059 3114 1205 3181 pauciores
1222 3113 1334 3167 relicuie

74 3194 168 3247 maed
189 3195 367 3264 corruptelas.
395 3199 490 3249 eontra
513 3194 624 3263 saepius
645 3194 802 3247 aberratum
824 3194 855 3245 in
880 3193 1035 3247 lemmatum
1054 3194 1185 3262 partibus
1208 3209 1258 3247 suo
1277 3193 1353 3259 iaco,

67 3274 219 3343 ponendi.
262 3291 333 3344 qnae
358 3280 472 3344 propter
498 3290 610 3329 causam
636 3272 811 3339 manifestam
838 3273 870 3326 in
898 3274 1043 3343 archetypo
1071 3290 1132 3328 cum
1161 3274 1333 3340 recidissent,

72 3355 203 3423 deiwps
221 3372 240 3408 a
259 3360 408 3409 correctore
424 3371 481 3409 nan
499 3355 549 3409 ubi
567 3354 707 3423 spanedat
724 3354 866 3423 repositae.
883 3385 914 3392 -
934 3355 966 3406 in
984 3355 1035 3407 trac
1049 3360 1131 3423 parte
1149 3371 1230 3423 wem
1248 3355 1334 3408 secuti

70 3435 165 3488 mnus
185 3437 273 3502 ciarn,
298 3437 329 3489 in
350 3437 487 3504 proaemio
510 3436 671 3504 expositum.
691 3466 724 3472 -
744 3440 859 3488 ceterum
877 3450 938 3488 eum
957 3439 1092 3488 tractatus
1110 3436 1155 3488 hic
1173 3439 1199 3487 et
1213 3435 1332 3503 propria

70 3516 147 3569 note
164 3517 200 3569 sit
217 3517 398 3585 pravissimus
416 3520 440 3570 et
459 3516 548 3571 trieres
566 3516 714 3583 assumptis
732 3514 871 3569 codicibus
886 3515 1033 3583 operosior,
1053 3518 1135 3568 etiam
1149 3518 1237 3586 mepte
1250 3531 1333 3584 quam

71 3600 142 3648 unte
167 3595 302 3649 minutiae
319 3595 468 3650 mittentur.
492 3597 576 3650 veluti
594 3612 651 3650 nen
668 3597 726 3650 iam
744 3596 897 3650 mmrebitur
915 3597 948 3651 de
966 3597 1043 3666 ταφῇ
1064 3598 1217 3649 Μενίππου
1238 3596 1333 3648 latinis

70 3675 179 3728 litteris
194 3676 301 3744 scripta
322 3693 407 3744 neque
424 3681 475 3730 aut
489 3692 587 3745 sesque
602 3675 676 3730 ulixe
686 3692 741 3744 pro
757 3675 924 3743 Seequulixs
938 3682 988 3731 aul
1003 3675 1332 3730 heautontimorumenon

66 3771 128 3824 pro
146 3753 461 3811 heautontimorumeno
483 3758 606 3826 positum
625 3757 812 3811 adnotabitur.
833 3788 865 3796 -
884 3773 967 3825 perro
986 3758 1017 3811 in
1039 3754 1155 3811 Graecis
1172 3756 1333 3823 adiceretque

70 3851 125 3890 nee
142 3833 179 3889 de
194 3851 257 3891 cera
270 3842 363 3906 posset
376 3838 479 3907 ambipi
493 3854 541 3892 nec
555 3841 707 3892 occurreret
721 3838 752 3891 in
767 3838 970 3906 dittaprapltiis,
990 3838 1062 3906 quod
1076 3837 1182 3906 alioqui
1195 3837 1333 3892 videretur

70 3914 213 3982 memte,
239 3919 328 3972 unius
355 3918 421 3972 libri
447 3918 502 3973 sice
525 3918 721 3986 Inepdunensis
747 3918 803 3972 siae
827 3918 979 3972 Harleiani
1005 3919 1173 3986 scripturam
1196 3932 1332 3984 apponere

66 3998 146 4052 eutis
167 3996 263 4051 visum.
280 4029 312 4037 —
328 3999 363 4053 ab
381 3999 431 4054 liae
448 4003 538 4053 auten
556 3999 645 4066 capite
658 4015 719 4053 mem
733 3999 877 4066 aliquanto
892 4000 1003 4067 saepius
1016 4015 1100 4066 paam
1114 4002 1177 4051 ante
1190 4002 1331 4050 ausimum

66 4078 263 4147 laicorumque
280 4080 394 4134 nomina
408 4095 460 4148 per
479 4079 667 4146 compendium
685 4083 770 4132 essent
788 4077 893 4148 scripta
910 4080 942 4133 iu
959 4078 1142 4148 Lupduuensi
1162 4080 1198 4147 (et
1216 4078 1332 4130 mammo

65 4159 186 4230 quidm
208 4155 342 4228 Vergilii,
367 4158 582 4228 Georgicorum,
610 4158 773 4227 Aeneidos),
801 4174 852 4212 nce
875 4159 925 4213 illa
948 4160 1034 4227 plena
1055 4160 1213 4227 posuimus,
1235 4159 1267 4210 in
1289 4158 1332 4210 leis

63 4239 207 4297 merdis
223 4255 285 4294 eum
302 4241 490 4309 ecpresnmus.
507 4270 539 4280 -
555 4240 636 4294 etiam
650 4241 682 4292 in
695 4239 778 4293 Harl.
794 4241 850 4293 iam
864 4240 985 4294 crebrius
998 4240 1138 4293 imminuti
1152 4240 1229 4292 tituli
1242 4239 1330 4292 eadem

62 4322 160 4378 nario.
189 4322 239 4389 qui
251 4321 372 4390 perinde
388 4321 480 4375 manci
498 4321 530 4373 in
548 4319 615 4374 Gen.
632 4350 664 4358 —
680 4320 795 4388 denique
813 4320 897 4374 libris
915 4319 1071 4384 Helveticis,
1091 4319 1139 4372 dcc
1158 4324 1195 4373 est
1212 4318 1278 4372 Gen.
1297 4333 1331 4371 ae

63 4403 160 4458 Rem.
180 4405 304 4471 utroque,
322 4400 453 4470 peomado
471 4401 514 4454 uti
532 4401 747 4466 instituerimus,
767 4402 823 4454 iam
842 4402 874 4453 in
892 4400 1028 4468 proaemio
1047 4400 1223 4453 declaratum.
1239 4428 1272 4436 -
1292 4396 1327 4450 11

61 4484 98 4540 P.
118 4483 152 4539 L.
174 4497 224 4537 orn.
242 4481 280 4550 L,
300 4480 336 4537 G.
352 4512 384 4520 -
404 4480 440 4534 12
459 4481 494 4549 ef.
515 4496 606 4535 comm.
625 4482 656 4535 in
676 4485 722 4547 68,
742 4485 928 4548 7-1e;190‚
948 4485 973 4532 d.
995 4510 1026 4518 -
1048 4477 1151 4547 Incipit
1170 4493 1220 4550 am.
1239 4477 1276 4543 L,
1294 4476 1330 4543 G,
1346 4503 1352 4517 .

64 4566 148 4629 Gfflt
174 4561 204 4616 Id
228 4566 273 4618 est
291 4562 339 4630 H;
361 4563 393 4616 in
414 4577 466 4631 pua
486 4562 537 4616 ulia
561 4561 592 4614 Id
616 4562 660 4614 est
678 4561 765 4630 psrA
784 4561 909 4615 litteram
930 4560 1097 4628 capitalibus
1115 4559 1214 4613 litteris
1232 4558 1330 4610 addita

62 4650 97 4701 in
111 4659 186 4714 urcy.
196 4674 230 4684 -
244 4643 284 4698 18
298 4642 455 4696 Adversum
468 4641 568 4709 ubiprle
582 4640 760 4709 Moutcpcss.;
778 4642 921 4701 Tornaes.‚·
937 4641 962 4694 l.
974 4642 990 4694 l.
1008 4639 1162 4693 Adversum
1177 4638 1231 4706 L„·
1246 4637 1272 4690 B
1277 4659 1287 4704 ;
1302 4637 1329 4690 A

61 4744 100 4781 ex
117 4741 192 4781 corr.
214 4755 245 4764 -
267 4723 297 4777 in
317 4720 509 4792 L„11„13,
529 4722 667 4789 Montep.;
686 4739 734 4774 cna
755 4722 807 4791 L„
826 4722 883 4790 11„
904 4721 977 4787 Gen,
997 4721 1033 4787 A,
1053 4720 1092 4773 ed.
1113 4719 1179 4772 Bas.
1199 4749 1234 4756 -
1252 4718 1329 4771 ndei·

10 4794 12 4803 ¹
63 4807 132 4877 phin
150 4804 192 4872 11,
211 4804 283 4871 Gen,
302 4802 343 4868 B,
362 4800 399 4868 A,
413 4800 509 4856 adelfis
524 4801 559 4866 L,
576 4800 609 4853 G.
627 4831 659 4839 -
677 4802 713 4854 14
733 4802 948 4856 sermorularurn
964 4800 1013 4870 ΙΙΙ.
1032 4831 1061 4838 -
1079 4799 1225 4853 adversum
1242 4800 1279 4850 B.
1296 4829 1328 4836 -
