3098 5316
157 308 223 374 240
596 308 736 365 NONIVS
755 307 972 364 MARCELLVS

158 402 198 442 lec
210 400 242 442 11.

246 490 377 552 aevvm,
396 473 531 538 furvum.
565 472 676 539 Cicero
693 474 960 539 Academicorum
979 472 1035 536 lib.
1050 469 1132 537 IIII:
1151 471 1231 557 qnia
1249 468 1404 536 nobismet

158 581 237 667 ipsis
270 585 339 646 tum
367 580 563 665 caeruleum,
595 585 665 646 tum
693 603 806 647 ravum
834 581 974 667 ridetur3
1007 578 1156 666 quodque
1183 600 1271 645 nunc
1300 599 1322 644 a
1348 578 1404 644 sol«

158 690 317 754 conlucet.

248 813 349 861 anrs
374 799 424 862 est
446 797 597 863 raucitas.
634 796 768 862 Plautus
794 795 975 860 Aulularia:

319 918 377 986 ubi,
397 919 488 989 siquid
507 934 631 989 poscam,
650 936 737 989 usque
757 920 788 973 et
806 919 895 973 ravim
913 919 1026 988 poscam
1046 916 1130 984 prim.

250 1029 335 1094 idem
359 1029 556 1095 Cistellaria:

320 1152 493 1222 expurigebo
512 1150 607 1207 hercle
626 1148 721 1205 omnia
739 1150 776 1206 ad
794 1153 909 1206 ranotm
927 1150 1025 1206 ravim.

250 1280 403 1345 RVRANT,
426 1283 485 1346 pro
508 1260 713 1326 rusticantur.
750 1260 886 1327 Plautus
910 1259 1074 1345 Captivis:

322 1385 388 1439 dum
406 1385 469 1439 reri
486 1385 584 1437 rurant
601 1382 737 1451 homines,
757 1401 826 1453 quos
844 1382 1002 1455 ligurriant.

251 1494 356 1560 Varro
386 1493 538 1574 Serrano,
570 1488 645 1577 περὶ
677 1486 914 1578 ἆρχαιρεσιῶνε
946 1492 1035 1558 (lum
1055 1492 1090 1557 in
1123 1512 1205 1577 agro
1241 1489 1404 1556 studiosis

162 1625 265 1688 ruror,
288 1601 410 1686 aspicio
434 1599 671 1685 Triptolemum
696 1601 943 1685 sculponeatum
968 1600 1060 1684 bigas
1084 1598 1177 1684 sequi
1199 1601 1369 1665 cornutas.

251 1725 448 1791 mensurna,
471 1729 532 1791 pro
554 1729 635 1773 rere.
672 1705 833 1772 Caecilius
856 1707 980 1772 Plocio:

321 1832 354 1885 tu
372 1846 472 1884 nurum
492 1846 548 1884 non
566 1822 754 1884 vis'odiosem
774 1829 798 1883 tr
816 1846 885 1898 esse,
904 1844 988 1898 quam
1007 1832 1133 1886 rarenter
1150 1828 1272 1885 rideas?

252 1939 453 2024 Pomponius
476 1938 658 2025 Ergastilo:

203 2062 224 2095 '²
326 2063 420 2131 ‘longe
440 2061 476 2115 ab
493 2061 562 2117 urbe
580 2059 711 2129 vssieori’,
730 2063 785 2130 qno
805 2078 867 2117 erus
884 2064 1012 2117 rarenter
1028 2063 1127 2118 venit'
1149 2093 1183 2103 -

325 2143 392 2196 ‘non
411 2143 483 2196 enim
501 2141 619 2209 vilicum,
639 2141 687 2195 sed
706 2141 872 2196 dominerist
889 2158 953 2197 mea
970 2142 1131 2200 sententia'

253 2268 388 2318 varvs
412 2273 431 2315 a
454 2250 611 2316 ructando
635 2251 747 2316 dietus.
785 2250 921 2317 Plautus
943 2250 1121 2318 Pseudulo:

453 2373 563 2443 ‘pergin
583 2376 692 2427 ructare
711 2372 741 2430 in
759 2390 790 2429 os
809 2373 909 2429 mihie’
931 2405 964 2415 -

326 2454 425 2509 ‘suavi'
444 2455 539 2508 ructus
558 2453 664 2509 mihist.
700 2453 741 2508 sic
760 2454 828 2523 sine,
847 2453 961 2510 Simon!

165 2549 378 2560 -.-—-—-.

255 2598 340 2666 1011,
360 2604 403 2664 aa,
424 2603 473 2652 105
497 2598 507 2666 ,1
532 2603 563 2651 m
583 2596 617 2664 11,
637 2602 661 2663 5,
683 2604 714 2651 10
737 2599 747 2667 n
770 2604 801 2651 15
820 2597 937 2652 Plautus
955 2594 1142 2669 cistellaria!
1163 2598 1240 2667 171,
1262 2606 1287 2668 1,
1308 2605 1342 2654 ιο
1359 2600 1404 2669 11⁴

165 2679 255 2734 Varro
276 2680 396 2733 Serrano
409 2679 419 2745 l
433 2682 465 2730 m
487 2674 625 2732 Caecilius
643 2676 738 2732 Plocio
752 2677 762 2746 l
776 2680 810 2731 2³
828 2675 998 2747 Pomponius
1015 2676 1160 2749 Ergutilo
1174 2681 1236 2749 126
1256 2678 1292 2747 V,
1309 2686 1337 2749 2,
1354 2684 1380 2735 1.

255 2831 421 2886 recurvum
441 2829 489 2893 Μ,·
507 2826 613 2882 fulvum
636 2827 671 2895 C;
690 2829 796 2883 salvum
815 2829 913 2884 Bamb.
933 2861 963 2869 -
986 2829 1034 2884 11.
1054 2830 1091 2885 12
1111 2831 1260 2886 ceruleum
1279 2832 1316 2900 L,
1333 2831 1369 2886 H.
1385 2862 1404 2872 -

165 2931 191 2982 q.
212 2930 238 2967 n.
258 2912 275 2966 i.
294 2911 378 2965 modo
398 2907 556 2963 coeruleum
574 2907 732 2976 videbatur,
751 2927 832 2964 mnne
851 2928 948 2964 ravum
963 2911 1077 2979 (flavum
1092 2912 1173 2967 daer.
1188 2912 1277 2980 cdd),
1295 2910 1404 2981 quodque

166 3009 255 3059 nunc,
279 3007 335 3060 qua
358 3006 375 3044 u
398 2989 457 3044 sole
482 2990 624 3057 conlucet,
647 2989 766 3045 albescit
785 2992 814 3044 et
831 2991 936 3058 vibrot3
959 2992 991 3046 in
1009 2992 1109 3061 quibus
1123 2994 1229 3062 priora
1246 2994 1347 3048 reaia
1356 3008 1403 3063 pm

166 3075 270 3141 scripta
293 3088 375 3141 quam
398 3072 475 3138 apud
497 3071 552 3135 N.,·
574 3072 620 3125 ecel
642 3071 692 3125 too
715 3072 782 3125 duce
800 3072 997 3140 reponendum:
1019 3071 1152 3140 quodque
1171 3074 1203 3141 (ιζ
1224 3090 1245 3128 e.
1265 3090 1321 3143 qno

166 3171 240 3207 nunc
264 3168 282 3206 e
306 3154 365 3206 sole
392 3149 533 3218 conlucet,
557 3148 677 3205 albescit
696 3152 842 3207 etvibrat.
862 3183 895 3193 ·-
916 3151 1026 3219 laP1.;
1049 3153 1085 3221 cs.
1109 3158 1162 3209 374
1188 3072 1397 3225 poscerem

165 3250 314 3302 poseamus
340 3248 412 3300 quae
438 3231 602 3286 0.-1'tem
626 3233 663 3286 at.
684 3262 717 3273 -
737 3232 773 3288 15
797 3230 952 3286 clitellario
974 3235 1043 3287 male
1065 3234 1155 3300 θεάς
1182 3235 1220 3301 cf.
1244 3202 1404 3317 studendi

166 3312 288 3367 Ilernrac
314 3314 346 3377 I,
374 3315 442 3366 298.
463 3342 493 3350 —
519 3328 604 3381 neque
628 3329 755 3382 nmquam
778 3311 889 3366 Nonius
911 3329 977 3367 aeres
1000 3319 1038 3367 eet
1061 3314 1113 3368 tec
1135 3315 1244 3382 fabula.
1263 3344 1298 3357 -
1315 3312 1345 3369 11
1358 3332 1404 3379 ω

166 3391 305 3463 purigabo
319 3391 485 3446 Rileeteliue
503 3407 563 3445 noo.
584 3408 689 3447 excure.
702 3393 791 3461 plaut.
803 3409 850 3462 pp.
866 3397 901 3447 53
907 3414 917 3459 ;
936 3393 1097 3464 expurgabo
1113 3394 1175 3449 cdd.
1193 3426 1224 3435 -
1240 3394 1351 3451 rarinun
1379 3388 1404 3435 ··¹

165 3473 202 3528 ad
222 3489 296 3528 runc.
322 3489 343 3526 r.
362 3472 444 3526 eliam
465 3471 509 3526 Pl.
528 3472 623 3527 Amtr.
645 3505 677 3514 -
698 3473 774 3537 illoc,
787 3472 861 3526 ravis
880 3490 897 3526 e
915 3474 1012 3528 tubere
1029 3480 1182 3545 correptam
1201 3481 1227 3530 et
1242 3476 1287 3531 liic
1302 3490 1323 3529 e.

166 3559 191 3608 ct
213 3555 245 3608 in
270 3554 365 3622 priore
388 3552 533 3621 probabile
559 3554 650 3607 reddit
675 3571 698 3607 r.
728 3571 778 3620 m.‚·
811 3555 936 3609 vitiorem
963 3556 1051 3626 ἐρίων
1077 3557 1151 3625 quod
1178 3557 1269 3624 fertur
1293 3556 1320 3611 ia

166 3634 234 3688 oculo
253 3638 323 3688 778:
340 3648 413 3702 nego
433 3632 462 3686 et
481 3633 623 3703 negando,
643 3633 736 3702 siquid
755 3632 855 3702 refert,
874 3635 965 3703 ravio;
984 3637 1034 3690 uti
1052 3638 1165 3692 omnino
1184 3637 1280 3702 suero
1295 3626 1368 3707 op·¹

168 3715 359 3784 repereruntque
374 3712 491 3768 raviero.
508 3745 540 3755 —
557 3713 593 3767 18
608 3713 665 3768 ruri
679 3730 729 3769 om.
745 3715 804 3769 edd.
822 3746 850 3754 --
868 3713 907 3770 20
920 3732 998 3769 roror
1013 3716 1058 3787 Gl.
1070 3748 1105 3758 -
1117 3716 1155 3771 21
1170 3718 1206 3785 cf.
1222 3722 1275 3773 515
1356 3780 1361 3789 ,

168 3825 202 3835 -
218 3795 253 3850 22
273 3811 329 3849 non
349 3790 400 3859 vis,
419 3794 437 3846 i.
458 3811 479 3848 e.
498 3810 592 3863 negas.
608 3825 641 3835 -
656 3793 680 3848 ti
696 3795 768 3863 (edd.
784 3794 847 3862 tibi)
865 3796 902 3848 M
905 3816 915 3861 ;
933 3796 968 3862 cf.
983 3797 1049 3851 libri
1062 3798 1134 3853 deo.
1149 3798 1284 3853 Saturnio
1291 3812 1331 3869 pe.

104 3904 114 3927 ο
168 3908 202 3917 -
221 3877 370 3946 Pompon.;
390 3874 424 3940 cf.
446 3879 501 3929 186
519 3873 641 3941 vilicari3
662 3881 716 3930 515
736 3878 870 3931 rarenter.
891 3906 921 3915 -
943 3875 1341 3949 rememoraturus!

170 3988 203 3998 -
222 3954 341 4011 vilicari'
362 3956 398 4009 M
403 3976 413 4021 ;
437 3955 546 4010 vilicari
569 3973 609 4023 v.;
632 3962 679 4012 cet.
704 3957 739 4022 cs.
763 3973 854 4010 comm.
874 3956 913 4010 ad
931 3961 985 4010 515
1004 3958 1021 4012 l.
1041 3976 1074 4014 m.
1094 3989 1130 4000 —
1149 3958 1226 4015 enim
1244 3958 1302 4015 aee
1315 3954 1359 4019 [ζ

169 4037 217 4093 sed
241 4035 379 4091 dominari
402 4053 452 4092 om.
479 4035 513 4091 L.
534 4066 567 4076 -
586 4037 794 4107 eestL1,ilem
814 4035 912 4092 sentia.
934 4068 965 4077 -
985 4038 1044 4092 eine
1061 4039 1186 4095 divertio
1203 4040 1272 4095 aelle

169 4120 302 4174 Boetius:
320 4118 403 4187 longe
424 4115 460 4170 ab
479 4115 547 4171 urbe
566 4114 687 4185 vilicum,
705 4135 760 4186 quo
780 4134 842 4172 erus
861 4120 986 4172 rarenter
1004 4118 1094 4185 venit,
1113 4119 1144 4173 id
1163 4135 1221 4174 non
1238 4116 1338 4189 vitient,

169 4197 307 4254 dominari
332 4200 376 4252 est
401 4203 464 4251 mee
488 4196 636 4253 sententia.
656 4229 690 4238 —
710 4198 757 4253 21.
782 4197 819 4251 28
844 4198 878 4264 cf.
902 4197 1026 4269 Spenqel.
1049 4200 1083 4254 dc
1100 4204 1174 4256 cant.
1195 4198 1287 4255 Pura
1300 4198 1349 4255 Mi

170 4280 267 4350 perein
290 4281 332 4345 (in
356 4279 388 4333 H
409 4296 463 4334 raa.
484 4284 548 4349 poet
571 4297 602 4344 n;
626 4279 739 4348 percine
762 4279 811 4348 LI)
835 4277 863 4332 Ο.
884 4309 918 4318 -·
937 4278 1054 4333 sicsine
1074 4277 1166 4333 simon
1186 4277 1347 4349 (sinesin

171 4361 249 4429 Bas.)
279 4359 303 4413 G
327 4362 395 4414 eatis
423 4362 500 4428 berse,
528 4360 715 4430 diltopraptia
740 4360 841 4428 petita,
869 4364 900 4413 ut
927 4361 1009 4413 etiam
1040 4359 1072 4414 0.
1100 4359 1236 4431 Seyfferto
1260 4360 1337 4417 eim
1398 4404 1404 4411 .

171 4440 313 4495 Leutectii
333 4441 441 4497 Indicia
457 4440 558 4495 Philol.
576 4440 663 4507 XIV,
682 4444 756 4508 444),
775 4457 807 4492 ec
826 4441 883 4493 elia
903 4446 983 4509 utque
1002 4440 1201 4495 Palatinorum
1306 4440 1313 4453 ⁶
1347 4434 1350 4439 ’

172 4521 248 4575 Simo
267 4526 335 4574 recle
353 4517 518 4587 Seyffertue;
536 4519 571 4585 cs.
590 4519 677 4585 infra.
692 4549 726 4558 -
742 4518 781 4572 sie
800 4519 859 4575 sine
874 4520 957 4575 modo
972 4520 1008 4587 B,
1023 4520 1097 4589 031)
1110 4537 1157 4590 ap.
1176 4520 1239 4588 Pl.;
1256 4522 1288 4577 ia
1298 4518 1348 4577 Δι’

172 4601 256 4668 lepere
269 4601 324 4655 sibi
337 4599 480 4655 vellebatur
495 4600 661 4655 Rileeteliue
675 4597 805 4654 sinitemo
819 4625 868 4668 -;
888 4601 924 4655 id.
940 4600 1142 4655 Studmoundio
1156 4606 1224 4656 terte
1233 4603 1330 4672 potin:

170 4680 296 4736 inesimo.
325 4681 359 4747 cs.
381 4679 455 4734 Caes.
471 4698 519 4751 pp.
540 4685 604 4736 129.
620 4710 652 4720 -
671 4682 711 4734 sic
730 4681 801 4735 sine:
822 4681 831 4734 i
850 4680 933 4735 modo
949 4680 1158 4747 Gulielmums.
1178 4680 1222 4737 sie
1240 4666 1330 4755 ἀμ’

172 4767 203 4816 ut
220 4766 333 4817 oretum
350 4761 387 4815 eit
405 4761 475 4817 idem
494 4767 574 4833 atque
591 4762 624 4816 in
642 4779 666 4816 e.
681 4763 783 4831 priore.
