3164 5326
416 347 464 402 DE
484 345 763 413 INSEQVENTIVM
782 347 1029 403 SAECVLORVM
1047 364 1071 403 e.
1090 366 1116 416 q.
1136 365 1157 402 s.
1351 347 1415 413 273

256 510 396 576 Abludas
416 512 565 593 furfures.

255 617 457 684 carturiae
472 639 532 701 per
554 618 700 684 adultera

255 724 439 808 Auticiparc
460 727 552 808 quasi
574 732 646 791 aute
668 746 780 807 capere.

257 832 432 915 Aau'patur
452 833 631 896 moderatur
652 834 737 915 rep-it.

256 938 446 1005 Aaoitcotari
466 959 640 1020 conponere.

255 1045 343 1111 aaa
363 1048 454 1111 dicat.

254 1153 383 1217 Amatio
404 1172 501 1218 amor.

257 1260 394 1324 Adessua
416 1264 636 1341 corisumptum.

255 1367 427 1430 Adtcudcre
448 1368 588 1450 copitarc.

255 1473 480 1538 Adcanmoaat
500 1474 651 1556 adiuapr't.

255 1581 459 1646 Auarmaitas
475 1602 534 1663 per
556 1586 714 1647 automno.

255 1688 323 1753 Aa
340 1693 405 1752 tum
421 1709 499 1753 uum
513 1709 621 1770 ponere
638 1692 754 1753 uacuo.

777 1795 818 1859 II.

254 1901 403 1985 Abliparc
425 1923 446 1966 a
468 1903 530 1967 loco
552 1902 683 1967 aliuare.
728 1903 809 1967 uude
830 1908 860 1966 et
881 1903 976 1984 lopati
997 1907 1026 1966 ct
1048 1902 1157 1983 topatio
1179 1901 1270 1964 duta.

256 2010 420 2075 Arcanum
441 2014 588 2074 secretam
609 2010 784 2091 repositam.
830 2009 869 2074 ab
890 2030 965 2089 arca
986 2009 1109 2072 autam.

255 2116 377 2181 Austro
397 2122 539 2182 rotarum
560 2117 665 2181 modii.

256 2223 447 2288 Abhorbator
470 2228 604 2288 tatarum
626 2244 647 2287 a
670 2227 735 2286 tora
757 2222 866 2286 torialc
889 2219 942 2306 (cf.
966 2221 985 2286 l.
1010 2220 1178 2287 ‘tororum'
1202 2244 1254 2306 pg.
1281 2221 1345 2310 11).

257 2332 388 2397 Arateis
410 2332 518 2415 rapula
538 2331 700 2411 fabrorum
722 2330 941 2394 semidictum.

255 2438 398 2504 Auernas
419 2440 502 2521 qaod
522 2439 590 2502 aor's
612 2458 675 2501 aaa
696 2437 778 2517 ferat
798 2458 820 2499 a
835 2456 930 2519 preco.
967 2455 1061 2501 araca
1078 2438 1161 2501 euim
1178 2439 1246 2502 avis
1263 2439 1416 2504 dicacatur.

253 2544 351 2610 Antea
373 2547 569 2627 praeductore.

256 2651 387 2734 Aapiaa
408 2652 532 2717 morbus
553 2652 592 2716 ab
614 2653 738 2735 operario

256 2758 417 2841 Arqaatus
439 2761 561 2824 morbus
583 2761 685 2843 raptres
707 2758 746 2822 ab
769 2778 845 2822 arcu
867 2758 966 2822 araus
987 2759 1069 2838 quod
1089 2758 1200 2822 oiu'ciis
1219 2758 1326 2839 faciat.

256 2864 457 2945 Aplomerarc
478 2866 514 2929 ia
534 2866 656 2948 plateam
679 2865 826 2947 coltcperc.

256 2970 426 3036 Abuaciaro
447 2972 566 3037 abrade
587 2974 669 3037 dare.

256 3077 422 3159 Adpeadia
444 3080 525 3160 arrad
547 3080 605 3143 ata
627 3080 811 3162 adtauyitar
832 3079 922 3160 quasi
944 3098 982 3142 aa
1003 3079 1065 3142 aleo
1083 3081 1226 3159 perdura

258 3184 346 3249 Adur
364 3186 560 3266 furnariam
583 3186 622 3249 ab
644 3188 761 3250 maudo
783 3191 929 3251 aaronem.

258 3290 389 3356 Adterat
411 3292 465 3379 (ef.
488 3293 510 3357 l.
533 3291 629 3357 ‘atri'
653 3314 706 3378 pg.
731 3291 786 3378 73)
810 3294 924 3359 miseri.

257 3397 355 3462 Aliud
379 3405 468 3464 extat
491 3399 690 3464 breviculum
716 3400 894 3483 glosarium
917 3399 951 3463 in
975 3399 1085 3464 codice
1104 3398 1311 3485 Lugdunsusi
1331 3398 1415 3465 67Ε

163 3503 304 3590 (saeculi
333 3508 384 3569 est
406 3504 479 3591 IX),
507 3506 557 3570 cui
586 3507 777 3590 inscriptum
805 3505 975 3588 ‘incipiunt
998 3506 1102 3588 closae
1125 3506 1212 3570 Noai
1237 3526 1307 3569 arm
1334 3504 1416 3571 Oica-

162 3608 285 3687 roru's';
320 3612 358 3676 ds
390 3634 454 3696 quo
487 3612 571 3676 dixit
599 3612 747 3678 Loewius
778 3613 946 3678 Prodromi
974 3633 1028 3699 pg.
1058 3613 1130 3677 146.
1156 3648 1194 3659 -
1220 3610 1365 3676 Tertium
1397 3634 1417 3674 a

163 3716 301 3781 Barthio
330 3719 470 3803 primum
498 3719 633 3802 editum,
662 3720 752 3785 cuius
776 3724 889 3784 auctor
912 3724 1040 3804 praeter
1064 3719 1144 3783 alios
1168 3720 1342 3803 scriptores
1366 3721 1418 3782 sat

162 3823 288 3888 multos
320 3824 418 3889 etiam
446 3824 554 3890 Nonio
586 3848 664 3890 usus
692 3824 757 3913 (est
785 3829 892 3891 autem
921 3826 1037 3890 aetatis
1066 3824 1270 3911 recentioris)
1298 3846 1416 3889 memo·

162 3935 257 3995 ratur
290 3932 373 4014 apud
407 3933 541 3997 eundem
571 3954 624 4018 pg.
655 3934 726 3997 164.
754 3933 917 3998 —Porro
946 3932 1127 3997 Guilelmus
1156 3931 1350 3997 Schmitzius
1383 3933 1416 3996 in

163 4038 274 4103 codice
307 4037 463 4104 Beruensi
497 4040 635 4125 quodam
670 4043 819 4103 notarum
853 4039 1100 4104 Tironianarum
1133 4061 1213 4105 saec.
1241 4039 1270 4103 X
1303 4036 1418 4125 (habet

163 4169 195 4210 n.
225 4142 305 4232 358)
336 4146 461 4211 invenit
492 4149 659 4229 excerptas
692 4167 730 4208 ex
759 4144 868 4210 Nonio
902 4146 1038 4230 aliisque
1067 4146 1277 4230 scriptoribus
1307 4146 1416 4229 glosas

164 4252 337 4337 quasdam,
361 4275 458 4318 manu
482 4253 621 4318 secunda
645 4251 782 4316 additas.
828 4249 877 4317 Of.
900 4274 981 4337 quae
1005 4251 1091 4317 dicta
1114 4253 1155 4317 ab
1178 4275 1216 4318 eo
1239 4253 1418 4319 Pansteno·

164 4359 313 4445 graphici
339 4359 468 4443 Lipsiae
492 4382 519 4425 a
545 4359 629 4423 1869
654 4358 731 4422 editi
754 4357 770 4421 I
793 4379 846 4442 pg.
870 4358 933 4422 207
950 4382 997 4444 sq.

255 4465 401 4552 Denique
424 4467 458 4555 in
478 4466 579 4551 glosis
599 4464 639 4528 ad
659 4462 843 4528 iuvenalem
865 4465 1020 4530 maiorem
1039 4470 1164 4549 partem
1184 4465 1417 4551 spectantibus,

166 4595 251 4659 quae
280 4574 321 4637 ab
345 4572 385 4639 Η.
410 4571 515 4639 Keilio
541 4572 646 4637 editae
671 4575 747 4635 sunt
769 4569 864 4636 Halis
888 4595 916 4639 a.
942 4574 1027 4639 1876
1051 4595 1089 4637 ex
1113 4572 1181 4637 cod.
1203 4573 1306 4638 Paris.
1330 4573 1417 4635 7730

166 4702 249 4745 saec.
269 4679 308 4764 X,
331 4680 492 4745 habentur
515 4679 705 4745 tenuissima
729 4679 885 4761 quaedam
909 4681 1048 4766 vestigia
1070 4680 1218 4744 lectionis
1238 4677 1417 4762 Nouianae,

166 4793 204 4853 ut
227 4809 280 4871 pg.
303 4788 349 4852 IX
371 4787 509 4868 arbitrii,
528 4786 643 4861 illaria
667 4783 709 4848 ib.
733 4787 861 4864 tolrttim,
882 4785 1061 4852 volubiliter.

221 4902 284 4941 Noui
298 4902 376 4942 Μιιισ.
392 4901 415 4940 G.
429 4900 456 4940 D.
471 4900 504 4939 ad.
519 4901 545 4940 L.
560 4899 688 4938 Musam
1169 4896 1203 4945 18
