3098 5316
368 314 416 368 DE
436 306 607 368 HONESTE
626 311 693 368 SET
712 312 813 368 Nova
833 311 959 368 DICTIS.
988 312 1022 368 Π.
1254 312 1313 376 121

1245 408 1270 445 ar
1285 405 1315 444 n.

224 473 333 528 stultae
350 479 393 530 eat
410 473 482 529 sicut
500 474 602 544 cupido
622 475 736 544 cripiens
755 474 900 543 cupienter
918 473 1004 545 cupit.

151 597 433 666 commouens,
470 584 747 667 conmonefacere,
779 584 813 647 in
847 586 1036 651 memoriam
1068 585 1228 650 reducere.
1273 584 1317 649 M.

41 687 190 755 tt'lullius
210 689 249 755 de
269 696 447 756 senectute:
466 691 801 777 Pythagoriorumque
821 713 910 755 more
930 692 1122 756 exercendae
1142 692 1316 755 memoriae

72 796 170 882 gratia
202 797 280 882 quid
312 819 439 882 quoque
471 798 522 863 die
555 798 704 883 dixerim,
737 797 907 879 audierim,
941 800 1064 884 egerim
1096 820 1315 864 commemoro

72 904 200 987 vesperi
223 904 364 969 -idem
388 905 428 969 de
447 903 586 969 Finibus
609 905 767 970 bonorum
792 908 825 967 et
848 904 1005 968 malorum
1026 905 1082 969 lib.
1100 904 1144 969 V:
1169 905 1225 970 sed
1244 928 1263 970 a
1281 909 1314 970 te

70 1016 223 1095 oportune
246 1011 335 1075 faeta
358 1011 479 1076 mentio
498 1017 556 1077 est.
595 1011 704 1077 studet
727 1011 815 1075 enim
839 1032 929 1074 meus
949 1011 1059 1075 audire
1078 1010 1200 1095 Cicero,
1222 1035 1315 1097 quae·

10 1116 13 1127 '
70 1137 140 1181 uam
168 1119 213 1181 sit
239 1118 336 1183 istius
363 1119 496 1201 veteris,
523 1140 622 1202 quam
649 1140 886 1200 conmemoras,
918 1118 1107 1183 Academiae
1135 1119 1175 1184 de
1198 1120 1315 1183 finibus

10 1236 55 1289 ΙΙ
70 1222 220 1289 bonorum
243 1225 596 1311 peripateticorumque
619 1225 788 1290 sententia

151 1347 435 1415 consecramus,
460 1332 585 1414 efficax,
608 1332 794 1416 perfectum.
840 1330 883 1397 M.
906 1332 1031 1397 Tullius
1056 1332 1094 1397 de
1118 1332 1237 1396 finibus
1262 1334 1316 1398 bo-

10 1448 30 1555 }
66 1458 177 1502 norum
200 1443 234 1503 et
259 1440 420 1505 malorum
444 1440 498 1503 lib.
521 1437 602 1503 IIII:
631 1438 712 1503 illud
736 1461 812 1505 vero
836 1440 970 1504 minime
994 1439 1238 1524 consectarium,
1261 1440 1316 1503 sed

64 1540 233 1628 inprimis
256 1545 357 1611 hebes
380 1547 520 1611 illorum.

145 1668 325 1718 ooncvsu
348 1657 453 1737 nocte,
476 1652 573 1735 primi
596 1653 709 1716 somni.
755 1651 891 1718 Sisenna
914 1654 1134 1719 Historiarum
1158 1654 1213 1718 lib.
1236 1653 1314 1718 llll:

62 1754 118 1841 ipsi
153 1759 273 1845 legati,
308 1759 463 1825 concubia
491 1763 586 1823 nocte
615 1759 734 1844 oppido
762 1760 914 1846 digressi,
947 1761 1012 1826 iam
1041 1783 1139 1845 supra
1171 1761 1315 1826 hostium

58 1864 277 1931 munitionem
303 1866 487 1932 succedunt.

31 1986 34 1995 '
144 1990 284 2039 claras.
322 1971 461 2039 Sisenna
479 1972 603 2038 Hister.
622 1973 677 2038 lib.
698 1972 776 2037 llll:
800 1975 970 2059 eistasque,
994 1998 1076 2062 quae
1096 1981 1188 2041 erant
1207 1975 1315 2061 legum

31 2076 268 2144 'ferendarum
293 2081 401 2166 gratia
424 2089 548 2165 poetae,
572 2080 763 2144 deiecerant.
1144 2068 1148 2075 ⁵

143 2204 339 2252 cannones
362 2191 396 2251 et
420 2205 559 2254 ermon.
606 2185 743 2251 Sisenna
765 2186 981 2252 Historiarum
1011 2190 1065 2254 lib.
1090 2188 1170 2254 IIII:
1198 2190 1316 2276 puppis

40 2296 147 2356 aceto
167 2293 368 2383 madefactis
389 2295 581 2359 centonibus
597 2294 796 2378 integuntur,
815 2316 895 2377 quos
911 2317 1008 2378 supra
1022 2300 1178 2379 perpetua
1193 2319 1230 2360 ae
1247 2297 1317 2360 laxe

39 2420 220 2482 suspensa
243 2401 351 2466 cilicia
372 2401 604 2466 obtenduntur.

143 2523 453 2592 canamrvmnnu,
475 2529 534 2592 pro
558 2508 765 2573 crebritatem
790 2531 880 2569 *a*

146 2636 380 2681 censurarum.
409 2613 545 2679 Sisenna
560 2612 682 2679 Hister.
697 2614 751 2680 lib.
766 2613 848 2680 IIII:
863 2637 939 2680 nam
953 2614 1154 2679 clandestina
1169 2614 1317 2679 celeriter

43 2722 212 2806 maigi,
234 2726 316 2806 aput
338 2726 436 2788 notos
459 2722 607 2806 cogitata
629 2720 693 2784 diei
716 2721 815 2800 decet,
839 2742 904 2786 non
928 2721 1103 2805 explanari.

13 2960 30 2979 Ι
151 2906 184 2951 10
208 2906 249 2964 ll,
270 2899 329 2966 381
344 2902 376 2952 12
397 2897 430 2962 V,
448 2904 474 2965 3,
493 2898 533 2962 8n
549 2902 581 2950 17
601 2895 647 2963 IV,
670 2900 711 2961 18,
730 2899 788 2964 bon
804 2902 834 2950 la
855 2897 974 2951 Sisenna
988 2897 1058 2950 Hist.
1074 2896 1110 2948 IV
1126 2899 1136 2966 ΙΙ
1150 2902 1183 2949 22
1200 2896 1317 2950 Sisenna

27 3004 31 3011 ·
55 2974 132 3029 nur.
151 2976 190 3029 lv
205 2980 264 3046 124
284 2977 402 3030 Sisenna
421 2975 493 3030 Hiet
513 2975 550 3028 IV
564 2976 574 3043 fi
587 2981 621 3029 27
641 2976 675 3029 cl.
697 2992 795 3030 comm.
810 2979 819 3047 1
833 2982 868 3030 28
887 2976 1006 3031 Sisenna
1023 2976 1095 3030 Hist.
1117 2977 1162 3029 lV.

82 3136 94 3159 '
151 3145 171 3199 8
189 3148 230 3201 ita
246 3146 297 3212 M;
316 3148 349 3199 et.
369 3161 393 3198 e.
412 3143 462 3212 qni
481 3143 584 3213 cupida
603 3143 715 3198 (1-9
733 3144 884 3199 redducere
897 3146 949 3218 H,
964 3178 998 3187 -
1014 3146 1051 3201 10
1065 3145 1316 3214 Pythagoreorum-

69 3240 120 3295 ,ῃ
136 3224 219 3296 (Pitb.
240 3225 287 3293 Η)
308 3225 363 3297 L„
383 3224 421 3291 H,
441 3224 483 3292 G;
501 3223 756 3294 Pythagorioquem
777 3224 823 3294 L,.
843 3255 876 3264 —
895 3243 1005 3280 remeae
1025 3229 1089 3295 (pro
1109 3228 1196 3293 more)
1216 3226 1263 3296 L,.
1283 3256 1316 3266 -

79 3304 227 3377 liguriae
248 3306 295 3376 L,.
314 3305 407 3359 -die
426 3306 491 3359 add.
510 3304 767 3375 L,.—commem.
787 3305 816 3358 0.
835 3303 919 3357 -1s
940 3306 989 3359 ·U·
1009 3306 1068 3374 H„·
1088 3304 1099 3356 l
1118 3306 1174 3359 rell.
1194 3303 1230 3372 (V
1249 3305 1316 3373 Me).

120 3386 155 3441 1⁸
173 3387 270 3440 studet
289 3386 360 3449 Oic.,·
383 3385 432 3439 sed
452 3388 483 3438 at
501 3383 529 3439 0.
551 3416 583 3424 -
602 3382 692 3439 menis
711 3385 763 3455 L„
783 3386 823 3452 H,
843 3386 875 3439 G.
897 3416 929 3424 —
951 3384 988 3439 14
1006 3401 1150 3438 conmeras
1170 3384 1203 3453 L,
1214 3405 1224 3447 ;
1242 3401 1316 3437 oom-

156 3483 201 3520 raa
214 3466 265 3537 L„
280 3466 320 3521 Η.
330 3495 365 3505 -
380 3464 609 3520 Academicorum
625 3468 653 3520 et
667 3467 701 3520 de
715 3467 776 3520 cdd.
793 3497 824 3506 —-
840 3466 878 3520 1o
892 3465 1100 3520 consectarium
1116 3466 1232 3530 Mara,
1247 3463 1315 3518 Con·

10 3604 15 3613 ,
155 3544 209 3599 'um
234 3543 483 3614 (coniecturarinm
507 3563 573 3616 mrp.
593 3547 629 3612 G)
649 3547 684 3613 0,
707 3547 821 3609 Bamb.;
846 3545 1090 3612 coniecturarinm,
1115 3547 1316 3609 aconiectura,

10 3622 20 3681 Ῐ
134 3626 234 3680 'racem
254 3642 324 3694 carp.
343 3625 383 3692 H,
401 3626 437 3696 pl.
454 3657 486 3664 -
507 3624 542 3679 17
563 3625 678 3678 minime
697 3625 900 3680 consectarium
922 3625 993 3693 oic.,·
1011 3625 1127 3679 mihime
1146 3625 1317 3680 coniectura-

10 3744 13 3750 .
81 3758 84 3765 ,
151 3706 179 3760 t'.
194 3736 227 3746 -
241 3704 330 3759 hebes
348 3724 373 3760 v.
392 3723 437 3775 ap.
455 3704 525 3769 Otc.;
546 3706 629 3770 Ian.;
648 3706 735 3759 habes
754 3708 813 3760 cdd.
829 3706 884 3760 Cic
905 3710 972 3773 (eac.
987 3708 1060 3775 qaod
1074 3709 1107 3760 de
1121 3706 1148 3759 B
1163 3708 1318 3774 dubitatur)

111 3784 196 3851 Nca.,·
212 3786 285 3840 idern
304 3802 381 3840 mor
399 3787 433 3840 de
450 3786 497 3853 fia.
517 3785 576 3851 IV,
594 3788 640 3851 24,
659 3791 704 3840 65.
723 3816 758 3826 -
777 3787 815 3840 le
834 3785 925 3854 prima
942 3787 989 3857 L,⁸
1009 3818 1042 3828 -
1064 3807 1084 3840 s.
1104 3805 1153 3841 om.
1173 3787 1207 3839 L.
1222 3817 1254 3825 —
1274 3805 1314 3855 pr.

111 3867 234 3936 tenpore
260 3866 449 3936 adducta
475 3896 506 3904 -
531 3865 580 3918 lib.
609 3864 661 3917 ΙΙΗ
690 3882 740 3921 om.
764 3868 805 3934 L,
828 3868 891 3921 item
915 3866 995 3921 Flor.
1019 3885 1053 3921 m.
1080 3873 1103 3921 1.
1128 3898 1161 3906 —
1186 3867 1224 3920 20
1251 3883 1314 3920 eon-

70 3996 77 4003 .
122 3946 129 3958 '
171 3946 217 4016 lq.
244 3976 276 3986 -·
307 3944 342 4000 21
372 3944 524 4001 succedunt
551 3952 711 4015 asspectum.
736 3979 768 3987 —
798 3946 835 4000 22
864 3946 962 4015 Cyrtae
990 3949 1025 4017 pt.
1051 3978 1082 3987 -
1112 3946 1251 4000 Historiae
1280 3945 1316 4014 0,-

106 4024 109 4029 '
131 4026 163 4042 ”
184 4027 285 4081 Bamb.
311 4057 343 4066 -
373 4028 509 4094 quaerant
536 4026 633 4081 Boset.
660 4060 690 4066 —
721 4027 758 4082 23
785 4028 896 4097 poetae,
929 4026 1040 4096 positae
1072 4028 1184 4093 Petrum
1215 4026 1316 4095 partba

85 4114 99 4173 'j
137 4108 191 4178 11„
219 4106 364 4172 Floreat,
397 4109 492 4175 parta
510 4107 567 4177 H„
597 4107 636 4174 G,
666 4108 779 4164 Romo:
811 4110 926 4175 paratae
954 4107 1066 4160 Bantia.
1096 4137 1128 4146 -
1157 4105 1318 4160 deiecerant

112 4193 217 4251 mats
240 4186 406 4241 defecerant
423 4187 482 4240 cdd.
503 4217 536 4226 —
556 4185 594 4240 24
612 4186 715 4256 poppis
735 4189 769 4253 0,
790 4189 887 4242 Bamb.
908 4190 949 4254 (ia
968 4187 1003 4241 H
1016 4189 1097 4256 prius
1115 4185 1229 4256 puppis,
1251 4188 1316 4241 dein

121 4271 194 4322 2ae
216 4284 234 4319 u
251 4267 320 4333 fact.
345 4283 377 4333 o,
396 4272 453 4320 tam
472 4269 529 4320 eud.
549 4284 637 4336 supra
655 4284 671 4321 o
689 4271 837 4337 repositam
855 4286 883 4334 u,
901 4269 963 4320 item
982 4285 1016 4321 ca
1033 4267 1043 4319 i
1061 4268 1126 4333 fact.
1147 4268 1185 4332 e),
1214 4265 1316 4334 puppis

112 4362 142 4402 rr.
159 4379 190 4386 —
211 4346 251 4402 25
275 4347 414 4415 tepuntrrr
436 4345 485 4416 L,.
503 4377 537 4386 -
556 4363 589 4401 ac
612 4346 674 4400 laxe
699 4348 830 4406 Salmas:
854 4347 936 4401 classi
959 4349 1108 4415 &raecedit
1131 4348 1158 4415 a)
1181 4362 1205 4398 e.
1226 4376 1257 4384 —
1278 4344 1316 4397 211

112 4428 154 4483 itia
169 4426 209 4494 Η,
229 4426 312 4481 Hor.
331 4457 368 4466 -
383 4426 497 4480 obtund.
513 4427 592 4481 Flor.
611 4445 645 4480 m.
662 4433 688 4493 1,
702 4429 735 4482 G.
752 4459 784 4467 -
800 4427 836 4482 21
857 4425 1066 4496 Crepitudinem
1081 4427 1116 4494 pl.
1133 4456 1164 4464 -
1181 4423 1315 4477 Celeritu-

112 4524 151 4563 ιω
169 4525 222 4578 pro
239 4507 421 4562 celeritatem
441 4513 466 4560 et
484 4509 513 4560 ia
536 4509 708 4576 sequentibus
726 4507 909 4561 celeritudine
927 4507 997 4560 neate
1016 4506 1113 4559 conice.
1152 4504 1189 4558 N.
1215 4504 1315 4558 Faber.

116 4595 171 4642 ard
192 4590 299 4658 quippe
318 4589 477 4642 oberratum
495 4587 530 4640 ab
547 4604 604 4641 usto
622 4587 676 4641 Sis.
697 4589 754 4641 loco
772 4589 809 4641 ad
824 4588 876 4641 ult.
897 4620 928 4627 -·
949 4587 997 4640 28.
1017 4586 1055 4639 21)
1074 4584 1171 4639 Claud.
1191 4585 1254 4638 add.
1271 4586 1317 4650 M,-

116 4672 148 4723 18
166 4667 357 4723 manno.
372 4697 407 4708 -
422 4665 561 4721 Historiae
578 4666 607 4722 0.
624 4698 657 4706 -
672 4667 773 4723 elamd.
788 4667 824 4738 Ll
843 4669 888 4735 (ia
901 4667 935 4719 Η
946 4673 1009 4735 post
1028 4683 1064 4720 an
1077 4672 1153 4731 ras).
1168 4695 1202 4704 —
1217 4661 1317 4717 transii

108 4779 155 4803 .-
169 4747 250 4819 apud
272 4748 296 4803 0
307 4767 357 4816 pa.
375 4748 424 4818 L,.
440 4777 475 4786 -
488 4750 570 4802 notos
589 4749 676 4818 (totos
695 4747 755 4820 (ἦ),
773 4750 793 4802 ι’.
807 4765 827 4800 e.
844 4764 955 4815 gnaros.
972 4775 1006 4788 -
1019 4745 1090 4813 dici,
1109 4746 1134 4797 ci
1149 4747 1180 4798 ia
1194 4762 1248 4799 rae.
1265 4743 1315 4812 H,
