3098 5316
406 294 456 351 DE
474 294 698 350 RATIONIBVS
717 292 903 352 EDITIONIS
922 294 1041 350 HVIVS.
1288 292 1352 356 321

139 459 262 544 quales,
279 481 320 525 ne
335 457 465 525 cauno
485 460 614 544 quidem
636 465 780 545 excepto,
799 481 915 543 parum
935 462 1084 523 accurate
1102 456 1259 542 distinxit,
1278 457 1355 542 quid

139 566 247 633 rsibus
275 567 424 652 persequi
453 570 632 652 oporteret,
662 566 738 652 quid
766 589 877 651 prosa,
904 566 1054 650 quodque
1078 569 1261 631 saturarum
1285 563 1354 630 eius
1412 603 1417 610 ·

139 672 253 757 ‚iquiae
287 675 408 740 multae
442 675 510 753 sire
543 675 705 742 brevitate
733 676 905 740 verborum
935 673 1003 739 sive
1031 696 1138 739 rerum
1166 695 1249 758 quae
1275 678 1354 739 tunc

139 783 192 844 mt
224 781 430 867 ignoratione
459 781 662 866 maximeque
690 781 899 846 librariorum
928 779 1027 846 Nonii
1054 782 1149 865 culpa
1177 784 1253 846 sunt
1281 781 1355 846 obs·

139 908 196 952 rae
224 888 317 953 valde
346 892 380 952 et
405 887 594 973 impeditae,
623 888 760 973 denique
788 888 873 973 quod
901 887 975 970 ipsa
1001 888 1133 974 linguae
1160 887 1283 952 latinae
1306 887 1354 951 in·

139 993 189 1059 les
228 1016 324 1080 saepe
361 995 460 1060 etiem
492 994 527 1059 in
560 1016 677 1078 prosae
710 994 925 1078 scriptoribus
957 993 1043 1059 falsa
1078 994 1215 1080 quadam
1250 994 1355 1078 specie

139 1101 281 1167 nborum
305 1103 374 1168 sire
397 1103 625 1169 trochaeorum
648 1103 843 1188 italicorum,
866 1103 983 1187 quibus
1007 1103 1182 1187 plurimum
1206 1124 1284 1168 usus
1306 1106 1356 1167 est

139 1229 216 1292 rrrc,
237 1231 298 1275 nos
322 1210 451 1294 decipit.

188 1315 283 1394 Quod
306 1338 380 1382 cum
403 1319 451 1383 ita
474 1321 569 1401 esset,
592 1339 657 1382 non
682 1317 792 1382 eadem
817 1339 881 1402 qua
904 1317 982 1382 alibi
1005 1317 1124 1382 fiducia
1144 1316 1178 1382 in
1199 1316 1354 1381 Varronis

155 1422 295 1488 metrica
318 1423 546 1489 constituenda
569 1425 619 1488 usi
643 1446 764 1509 sumus,
790 1424 847 1488 sed
870 1424 1031 1490 interdum
1055 1427 1185 1489 servata
1207 1423 1241 1488 in
1264 1428 1354 1488 textu
1403 1426 1407 1435 '

139 1551 200 1595 osa
227 1551 378 1596 versuum
406 1553 490 1616 quae
514 1533 733 1597 offerebantur
757 1530 881 1616 species
906 1530 940 1594 in
964 1535 1160 1615 apparatum
1184 1532 1355 1597 coniectae.

139 1636 306 1723 nninoque
334 1638 392 1703 illa
405 1637 525 1703 ¹minus
554 1639 649 1704 metri
680 1637 817 1704 vinculis
842 1637 1075 1723 adstringenda
1098 1638 1294 1721 existimavi,
1322 1638 1356 1702 in

140 1743 220 1809 ibus
252 1766 326 1810 oum
358 1745 486 1831 integer
517 1749 684 1811 constaret
716 1767 753 1810 ac
786 1744 908 1810 solidus
942 1767 1056 1810 sensus
1090 1766 1194 1830 neque
1226 1744 1356 1810 initium

139 1873 214 1917 rsus
237 1872 341 1934 neque
364 1851 439 1916 finis
464 1853 544 1917 satis
567 1855 781 1937 compareret.

188 1957 362 2024 Praeterea
393 1958 456 2024 hoc
485 1958 559 2025 loco
587 1959 783 2025 monendum
813 1961 846 2023 et
875 1957 961 2042 apud
988 1959 1131 2044 tragicos
1159 1981 1270 2024 omnes
1298 1981 1356 2024 nec

139 2088 208 2130 nus
247 2065 332 2150 apud
369 2066 510 2131 comicos
544 2067 617 2131 inde
652 2089 672 2130 a
703 2065 853 2130 Terentio
887 2066 984 2151 longe
1017 2066 1178 2152 longeque
1209 2065 1356 2151 frequen·
1397 2060 1401 2070 '

139 2194 201 2237 »res
224 2194 295 2238 esse
319 2173 477 2239 iambicos
500 2195 652 2239 numeros
677 2194 714 2238 ac
738 2171 920 2238 trochaicus
940 2173 1084 2259 relicuis3
1107 2195 1145 2238 ex
1163 2171 1228 2237 illis
1248 2177 1356 2238 autem

139 2279 206 2346 ulto
229 2280 462 2346 usitatissimos
485 2281 670 2346 trimetrum
692 2280 867 2345 iambicum
887 2301 959 2344 cum
979 2284 1170 2346 tetrametro
1189 2281 1354 2346 trochaico

139 2387 300 2452 talectico.
338 2385 446 2472 Atque
465 2387 544 2452 adeo
563 2388 643 2454 haec
662 2391 765 2452 metra
785 2409 822 2451 eo
842 2386 947 2471 magis
967 2387 1131 2453 celebrata
1151 2411 1170 2452 a
1191 2388 1356 2471 scaenicis,

143 2517 164 2559 o
190 2494 325 2578 propius
350 2500 554 2560 accesserunt
578 2495 619 2560 ad
643 2498 783 2560 aetatem
807 2492 959 2576 Augusti.

188 2599 309 2666 Poetae
327 2622 393 2666 non
414 2600 542 2685 quidem
561 2606 651 2666 certa
670 2601 750 2686 lege,
770 2600 825 2665 sed
845 2599 944 2664 insita
962 2601 1125 2685 elegantia
1140 2601 1228 2668 ducti
1243 2623 1356 2666 cavere

139 2729 172 2771 m
204 2708 343 2791 soleant,
376 2729 416 2771 ne
446 2713 503 2772 aut
530 2712 608 2792 post
634 2707 774 2791 primum
804 2705 1000 2789 semipedem
1030 2730 1143 2773 sensus
1171 2709 1231 2773 fiat
1257 2709 1356 2774 inter-

139 2814 229 2880 tium
258 2819 315 2880 aut
342 2818 418 2880 ante
446 2814 612 2900 ultimum,
640 2814 806 2880 rarissime
829 2815 973 2898 evenire,
1001 2817 1037 2878 ut
1064 2836 1176 2880 versus
1204 2838 1224 2881 a
1250 2837 1356 2902 gram·

139 2922 230 2987 aticis
249 2921 391 2987 ditentur
409 2944 474 2986 una
493 2921 657 2986 duabusve
677 2919 816 3004 syllabis
831 2919 960 3004 curtati,
980 2941 1017 2984 ac
1031 2921 1140 3004 potius
1154 2921 1188 2986 in
1202 2923 1356 3006 exemplis

139 3027 224 3094 libus
261 3028 468 3095 librariorum
502 3029 602 3093 latere
635 3028 763 3093 fraudes
797 3027 926 3111 saepius
959 3049 979 3091 a
1009 3029 1105 3093 nobis
1124 3034 1355 3094 memoratum

159 3134 290 3220 scriptis
315 3134 487 3219 prioribus.

192 3241 301 3328 Atque
322 3241 434 3306 eadem
452 3242 526 3327 lege
545 3243 669 3308 musica
689 3242 805 3327 evenit,
823 3245 860 3306 ut
878 3242 1056 3326 particulae
1071 3264 1223 3308 versuum
1237 3243 1356 3307 citatae

139 3370 292 3435 ‚eramque
326 3353 383 3414 aut
416 3350 457 3414 ab
491 3349 584 3415 initio
618 3351 714 3415 metri
746 3350 788 3415 ad
816 3371 982 3415 caesuram
1016 3354 1073 3415 aut
1104 3372 1124 3414 a
1156 3371 1288 3415 caesura
1316 3349 1356 3414 ad

139 3478 202 3522 uem
224 3456 434 3541 pertinerent.

191 3561 292 3629 Porro
320 3585 402 3648 quae
430 3563 466 3626 in
488 3586 587 3629 unum
611 3586 739 3629 versum
763 3568 897 3647 possent
920 3563 1020 3647 coire,
1049 3586 1087 3628 ea
1111 3564 1275 3628 rarissime
1299 3586 1357 3630 nec

139 3670 171 3736 isi
190 3671 245 3736 ubi
268 3673 374 3737 certae
397 3670 564 3735 deserendi
589 3693 712 3736 morem
736 3671 817 3736 alias
841 3671 1050 3736 observatum
1074 3692 1190 3737 causae
1212 3671 1357 3755 aderant,

139 3775 210 3842 irisa
231 3777 266 3842 in
289 3777 379 3841 duos.

176 3883 396 3970 rogantibus
416 3883 529 3949 multis
548 3884 582 3947 in
601 3884 747 3948 versibus
762 3884 919 3968 iambicis,
938 3885 1122 3969 trochaicis,
1141 3886 1356 3969 anapaesticis

139 4009 192 4055 ses
214 3991 356 4076 impares
380 3989 447 4054 fere
471 3991 646 4075 insignitae
665 3995 807 4056 accentu.
823 3991 992 4057 -Etiam
1013 3993 1122 4057 cretici
1141 3997 1174 4056 et
1192 3992 1356 4058 bacchiaci

139 4095 220 4181 iique
242 4099 369 4164 numeri
389 4097 695 4206 difficilioresxnotis
715 4098 835 4164 additis
855 4099 1089 4164 commodiores
1108 4100 1186 4164 facti
1207 4100 1248 4164 ad
1267 4121 1356 4166 scan-

140 4203 251 4270 ndum.

192 4311 340 4377 Omissus
367 4312 531 4377 interdum
561 4314 713 4377 accentus
740 4313 776 4377 in
803 4317 896 4397 parte
924 4335 1038 4378 versus
1061 4337 1127 4379 non
1150 4336 1272 4399 errore,
1301 4315 1356 4379 sed

139 4413 153 4478 i
181 4418 233 4482 rel
256 4423 410 4504 corrupta
433 4419 485 4484 vel
510 4419 608 4484 dubia
630 4419 729 4483 nimis
753 4419 958 4485 exhiberetur
981 4420 1088 4486 lectio.

192 4523 366 4590 Praeterea
384 4527 512 4610 punctis
533 4526 651 4609 singuli
671 4526 805 4590 indicati
822 4528 1010 4612 semipedes,
1030 4529 1223 4613 ubicumque
1237 4526 1356 4592 referre

139 4623 331 4698 istimabum
349 4632 516 4718 lectorum,
535 4639 571 4697 ut
589 4632 836 4718 intellegeretur
855 4639 958 4699 metro
978 4635 1099 4720 aliquid
1120 4635 1220 4700 desse.
1256 4635 1357 4701 Inter-

139 4753 178 4803 m
215 4743 327 4805 tamen
360 4741 482 4807 talibus
516 4741 595 4806 locis
628 4739 828 4823 syllabarum
861 4764 944 4827 quae
977 4742 1151 4807 deficerent
1181 4742 1356 4830 longarum

147 4846 220 4895 non
232 4854 312 4895 urso.
326 4853 350 4895 o.
363 4854 392 4895 n.
405 4855 440 4898 su
455 4855 479 4895 u.
494 4855 623 4896 umus.
1108 4853 1142 4902 ar
