3098 5316
371 295 419 349 Dll
438 293 553 349 VARIA
571 292 867 349 SIGNIFICATIONE
887 292 1099 348 SERMONVM.
1130 294 1175 348 IV.
1336 291 1402 356 455

1256 386 1302 427 389.
1317 384 1401 426 secur.

311 455 433 510 deducte
450 459 517 510 tunc
535 471 604 510 voce
622 456 680 511 lec:
700 473 748 510 cur
766 459 798 511 tu
816 456 877 525 ipsu
896 453 988 510 venire

310 552 366 591 nou
383 533 427 589 vis
445 533 518 590 huc?

184 656 192 743 p
207 647 394 724 Deducere‚
418 645 603 728 depravere,
629 651 847 712 transvertere
870 668 889 710 a
912 649 1008 710 recto.
1044 643 1086 709 M.
1111 644 1237 709 Tullius
1261 645 1295 709 in
1320 643 1400 709 Hor-

185 756 274 826 tensio:
304 751 403 816 habet
435 750 520 816 enim
553 751 624 834 ipsa
658 757 780 817 certum
814 756 848 816 et
878 752 1043 817 definitum
1077 752 1177 834 viam:
1210 756 1261 816 set
1292 772 1330 815 ex
1363 773 1401 816 ca

151 862 268 934 simultis
287 858 375 923 vitiis
400 864 433 922 et
456 857 620 923 erroribus
645 858 822 942 depravata
841 858 1017 926 deducitur.
1037 896 1079 908 -
1100 859 1265 944 Vergilius
1284 857 1401 944 Georg.

185 974 223 1039 hb·
240 966 265 1031 L
574 1051 650 1105 rivos
669 1050 805 1106 deducere
824 1052 903 1107 nullu

308 1130 420 1202 relligio
439 1131 537 1186 vetuit.

248 1259 410 1321 cucumer,
434 1241 602 1307 abducere.
641 1239 804 1326 Vergilius
829 1241 907 1306 Aen.
930 1241 986 1305 lib.
1010 1241 1054 1306 V:

150 1377 174 1426 ιο
309 1362 387 1418 defer
404 1363 434 1418 in
453 1363 573 1418 ltaliam.

187 1474 338 1540 'Deferre
363 1476 414 1538 est
437 1473 572 1538 adferre.
611 1473 779 1559 Vergilius
802 1474 881 1538 Aen.
905 1472 961 1537 lib.
984 1471 1062 1538 IIII:

403 1634 408 1643 .
522 1594 621 1650 celeris
641 1595 775 1649 mandate.
793 1611 843 1664 per
862 1611 943 1649 cures

297 1675 419 1730 ,detulit

186 1786 193 1871 il
208 1785 356 1869 llclerrs,
380 1785 522 1851 celatum
544 1785 688 1881 predere.
724 1784 866 1850 Lucilius
890 1785 946 1850 lib.
969 1784 1124 1851 XXVIII:

143 1915 174 1964 ³⁰
309 1909 483 1979 quaprdptsr
500 1909 637 1963 certumst
653 1905 747 1961 ftcere
765 1909 863 1960 contre
881 1923 914 1962 cc
933 1908 1061 1976 persequi

308 1991 337 2040 et
355 1989 458 2042 utmeu
477 1988 585 2043 deferre
602 1986 733 2042 heminis.
1099 2022 1104 2028 -

246 2113 437 2163 ursinum
464 2097 583 2163 dicitur
605 2119 729 2182 parare.
747 2097 759 2180 l
777 2096 997 2182 Destinarc,
1020 2119 1131 2164 emere.
1180 2099 1321 2164 Lucilius
1344 2100 1400 2164 lib.

185 2202 320 2268 XXVIIII:

786 2325 859 2380 lucit
878 2327 939 2381 eila.

143 2406 174 2457 33
307 2403 492 2540 ἕξιὲιὲωοω
512 2402 602 2474 venio,
620 2404 711 2460 tribus
728 2404 760 2458 in
777 2406 938 2462 libertatem
958 2406 1071 2462 mssibus

245 2610 375 2660 noem
400 2594 564 2679 significet
587 2594 793 2681 disciplinam
812 2596 862 2661 vel
882 2600 984 2662 artem
1003 2597 1188 2682 quampiam
1208 2598 1397 2684 magisterio

184 2699 430 2783 duelDocere,
452 2702 668 2767 demonstrare.
706 2700 870 2788 Vergilius
895 2703 973 2769 Aen.
996 2705 1051 2770 lib.
1074 2702 1118 2769 V:

164 2824 174 2872 1
521 2823 619 2879 docuit
637 2823 653 2897 ΙΙ
672 2826 737 2893 post
755 2824 845 2879 exitus
863 2825 970 2896 ingens.

182 2928 189 3011 ,¹1
204 2930 338 3017 Docere,
361 2934 475 2999 dicere.
513 2933 655 2999 Lucilius
678 2933 733 2999 lib.
758 2932 931 2999 XXVIIII:

182 3075 358 3086 -—-—

246 3168 273 3216 rs
290 3163 325 3218 u.
343 3162 452 3218 Tullius
470 3163 619 3219 Hortensio
632 3165 643 3233 ῃ
656 3169 692 3218 3ο
709 3164 729 3228 1,
749 3168 800 3217 333
815 3164 824 3232 n
838 3169 874 3216 24
889 3163 921 3231 v,
937 3170 989 3218 :sc
1002 3167 1012 3234 u
1026 3169 1059 3219 33
1075 3163 1121 3227 lv,
1136 3170 1187 3218 333
1202 3167 1211 3234 ιι
1225 3170 1258 3220 sc
1274 3164 1397 3220 Lucilius

180 3240 302 3296 LXXVIII
315 3245 325 3314 Ι
339 3248 373 3298 33
392 3243 518 3299 Lucilius
536 3245 554 3299 l.
575 3242 664 3298 XXIX
677 3247 687 3314 I
701 3247 735 3298 38
754 3243 789 3310 V,
808 3248 859 3297 523
873 3246 912 3312 l2
933 3242 1057 3299 Lucilius
1076 3245 1094 3298 l.
1113 3243 1211 3298 XXIX.

178 3457 320 3531 mucetum
345 3460 409 3527 (sic)
432 3458 488 3530 L„·
510 3457 768 3527 superbumressum
793 3460 830 3512 id.
855 3476 887 3514 m.
912 3465 945 3526 1;
969 3458 1061 3528 subpr.
1081 3458 1123 3526 A,
1149 3458 1221 3526 Gen,
1239 3459 1277 3512 Η.
1303 3490 1331 3498 --
1355 3461 1396 3514 ita

178 3552 242 3606 apra
257 3556 298 3608 pp.
319 3542 377 3595 204
400 3555 422 3593 3,
441 3538 459 3592 1.
483 3537 603 3592 frontem
627 3539 658 3592 irs
680 3555 703 3594 v.
728 3538 861 3593 Pacuuii:
889 3554 957 3593 voce
981 3554 1136 3608 suppressa.
1158 3569 1189 3579 -
1215 3538 1252 3593 13
1276 3539 1397 3593 deducte

178 3618 332 3688 333133,-
354 3619 492 3675 deductet
514 3620 587 3673 huuc
611 3619 668 3673 rell.
693 3635 753 3672 cum
774 3620 809 3673 B.
830 3618 927 3674 —lec
946 3636 996 3673 om.
1019 3616 1051 3671 G.
1075 3649 1106 3657 -
1126 3634 1174 3672 cur
1193 3619 1252 3671 tum
1272 3618 1308 3685 B,
1329 3619 1395 3672 Gen.

179 3698 249 3753 -13
270 3703 372 3755 certam
399 3699 442 3769 A,
470 3699 599 3754 Termes.
625 3702 661 3765 (et
684 3699 725 3753 ita
747 3699 900 3768 Nobbr'us);
928 3700 1063 3753 incertum
1088 3699 1145 3752 rell.
1173 3729 1202 3736 -
1229 3698 1282 3751 def.
1307 3704 1331 3751 et
1356 3700 1398 3766 A,-

177 3774 322 3835 curuum
344 3778 404 3850 Ηυ-
430 3777 504 3846 (lem
529 3779 656 3834 Tornaes.
678 3809 709 3818 -
730 3784 785 3846 sct;
810 3780 859 3835 sed
885 3779 984 3847 Orell.;
1007 3781 1036 3832 et
1059 3779 1118 3833 edd.
1141 3810 1170 3816 —
1191 3776 1229 3831 20
1256 3778 1396 3832 erroribus

173 3874 207 3929 μ.
227 3859 258 3915 Η.
275 3890 305 3900 -
329 3859 368 3915 22
396 3859 533 3915 deducere
560 3876 647 3928 supra
674 3875 725 3914 scr.
754 3860 785 3913 in
808 3861 842 3914 B.
864 3892 895 3900 —
922 3859 958 3914 33
977 3860 1077 3930 religio
1105 3858 1178 3926 Gen,
1203 3876 1248 3928 pr.
1274 3858 1312 3923 L,
1338 3859 1376 3928 II1
1385 3881 1396 3926 ;

176 3939 260 4011 effigio
275 3947 299 3996 st
312 3941 347 3995 B.
363 3970 397 3980 -
412 3939 451 3995 24
467 3938 531 3994 abd.
547 3940 591 3993 est
604 3940 639 3994 B.
658 3972 687 3978 -
704 3939 742 3992 Vl
756 3941 815 3996 cdd.
834 3972 865 3981 -
881 3941 918 3996 25
934 3941 1024 3995 defert
1039 3941 1099 3995 cdd.
1111 3958 1156 4008 pr.
1173 3939 1223 4010 [1,.
1239 3969 1272 3978 -
1288 3938 1326 3992 23
1340 3938 1395 3991 cdf.

173 4016 214 4090 L„
231 4019 270 4088 H,
293 4020 366 4088 Gen,
385 4019 429 4088 A,
452 4021 488 4075 B.
507 4050 542 4059 —
561 4018 596 4073 22
618 4018 716 4075 celeris
735 4026 759 4075 et
778 4022 806 4075 B
824 4020 954 4090 (sceleris
974 4021 1060 4091 Germ
1079 4021 1122 4086 L).
1142 4051 1176 4060 -
1196 4019 1234 4073 ‘ru
1254 4019 1394 4073 caelatum

171 4098 240 4170 dum
258 4101 398 4171 prolutum
416 4105 478 4170 (pro
495 4119 544 4169 per
562 4102 774 4169 resurrecturum),
793 4104 839 4156 sed
857 4119 945 4172 supra
963 4119 1015 4157 scr.
1035 4118 1074 4169 ce,
1093 4101 1127 4155 L.
1150 4131 1179 4138 ›-
1202 4098 1319 4153 XXVIII
1337 4100 1377 4170 H²
1386 4122 1397 4168 ;

171 4179 204 4247 d,-
220 4179 342 4235 XXVIIII
359 4182 418 4236 rell.
438 4198 499 4235 cum
520 4181 648 4234 Ternacs.
669 4211 701 4219 -
721 4182 755 4246 cf.
776 4180 842 4236 Luc.
864 4182 925 4235 XX
931 4182 1029 4248 VIII,
1049 4187 1133 4250 qup.
1155 4210 1184 4218 -
1205 4178 1243 4233 30
1262 4195 1295 4233 uc
1314 4180 1397 4245 Aut,-

165 4260 210 4319 bc
222 4262 276 4318 cdd.
289 4293 322 4303 —
337 4263 409 4317 huec
430 4262 515 4330 (quod
533 4262 570 4316 ud
587 4261 727 4329 sequentia
741 4262 915 4329 trahendum)
928 4265 966 4317 sd.
984 4263 1051 4316 Luc.
1071 4261 1161 4316 Τηνία.
1177 4290 1211 4299 -
1226 4258 1264 4313 33
1279 4258 1394 4312 XXVIII

139 4340 211 4415 .11.‚·
233 4344 291 4399 ca·
321 4343 363 4411 e‚·
390 4341 522 4396 xuvuu
550 4342 632 4396 esum
658 4341 785 4398 rorum.
811 4375 842 4382 -
867 4342 906 4397 34
929 4344 985 4397 cuo
1009 4343 1072 4396 aar.
1097 4341 1138 4395 M.
1166 4372 1195 4380 -
1219 4338 1256 4394 33
1284 4339 1394 4394 :eonem

153 4438 195 4497 p.
213 4422 243 4477 L.
263 4453 294 4462 -
314 4421 354 4477 36
378 4422 489 4476 destino
514 4421 623 4476 Acidul.
646 4439 691 4490 up.
717 4422 825 4477 Gruter.
850 4424 987 4492 Lampud.
1011 4422 1067 4489 VI,
1092 4425 1161 4489 177;
1188 4420 1311 4475 destinet
1334 4422 1394 4476 cdd.

155 4534 185 4547 -·
200 4504 267 4559 mle
287 4503 373 4558 eidem
396 4504 429 4557 in
451 4507 563 4557 medem
584 4503 658 4557 venit
680 4503 751 4557 illud
775 4504 819 4557 ed.
843 4502 896 4558 len.
922 4503 1017 4570 venio,
1042 4502 1114 4556 facio
1140 4499 1262 4553 destinet
1281 4501 1335 4565 (ita
1353 4501 1394 4554 cd.

146 4587 259 4659 ,πως
275 4601 326 4640 nec
343 4585 417 4638 enlm
435 4599 528 4637 emere
546 4588 584 4638 est
598 4583 746 4648 destinare,
766 4589 796 4636 ut
810 4584 884 4638 Nun.
899 4585 976 4650 dIciI,
994 4584 1041 4636 ssd
1059 4577 1220 4649 empturire,
1239 4595 1394 4648 proponere

139 4667 274 4741 prelium:
293 4667 329 4732 cf.
345 4665 439 4720 Pluut.
455 4664 571 4719 Mostell.
587 4680 609 4716 v.
626 4668 689 4717 646.
711 4694 737 4701 —
753 4663 802 4718 37.
820 4664 857 4718 38
876 4663 1036 4733 quempiam
1051 4663 1086 4716 B.
1108 4694 1134 4699 --
1150 4662 1171 4727 s.
1186 4677 1259 4728 meg.
1274 4659 1392 4713 trudere.

144 4777 177 4791 -
189 4747 305 4816 Docere,
323 4744 519 4800 demonstr-erc
537 4744 589 4813 (cel
607 4743 759 4810 declarare)
777 4745 841 4798 add.
861 4745 905 4797 M.
