3098 5316
234 342 323 411 evm
343 345 365 398 A
386 342 549 400 SAECVLO
569 342 621 397 XV
640 341 895 399 PROFEOERINT
913 341 1054 398 GRAMM.
1074 358 1098 397 e.
1118 360 1143 412 q.
1163 364 1183 399 s.
1267 343 1332 407 285

70 503 143 571 aire
171 509 307 592 propria
335 508 431 593 culpa
461 509 528 572 aive
557 507 675 590 aliena,
703 506 789 571 baud
817 505 914 570 facile
937 505 1064 570 dixeris.
1111 505 1332 590 Montepeasu·

70 608 189 676 lanum
228 636 293 679 non
329 614 448 699 ubique
485 614 564 677 satis
597 617 744 677 accurate
777 635 795 676 a
828 634 863 676 se
896 612 1049 677 collatum
1082 616 1222 677 testetur
1254 612 1331 696 ipse.

72 714 225 804 Denique
252 721 287 784 in
309 720 458 786 Parisino
483 721 568 785 7667
598 719 793 802 adhibendo,
823 740 917 803 quem
946 721 1073 802 putarit
1101 719 1233 784 maximi
1262 740 1332 782 esse

72 824 245 910 ponderis,
268 848 342 891 cum
366 826 410 890 sit
432 827 565 911 nullius,
593 831 716 912 quanta
738 825 805 889 eius
830 823 935 892 fuerit,
952 826 1068 890 levitas
1092 832 1126 890 et
1148 826 1225 890 olim
1249 824 1332 888 Har·

73 929 191 1016 laium,
219 955 257 998 er
285 955 348 1018 quo
377 934 557 1018 descriptus
585 937 650 1017 est,
679 931 851 998 collatione
879 931 974 996 nobis
1003 937 1053 997 est
1076 931 1275 1017 patefactum
1299 935 1333 995 et

77 1039 265 1121 nuperrime
288 1040 376 1105 edito
400 1040 543 1124 Meylani
565 1039 657 1105 libro.
697 1037 813 1123 ltaque
836 1060 902 1103 non
923 1038 1065 1104 iniustus
1088 1039 1200 1104 videar
1223 1038 1331 1103 existi·

74 1150 201 1230 mator,
227 1146 256 1210 si
283 1147 394 1222 dixero
422 1147 456 1211 in
483 1145 630 1211 codicum
658 1145 865 1224 lectionibus,
899 1167 978 1229 quas
1006 1146 1143 1210 referret
1170 1146 1331 1230 cognosci,

72 1252 230 1317 notandis
250 1275 323 1318 eum
342 1255 395 1318 vir
415 1253 519 1319 rarius
538 1275 689 1337 peccasse
708 1275 805 1338 quam
824 1254 858 1316 in
877 1253 984 1318 verbis
999 1252 1208 1318 restituendis
1223 1251 1331 1330 Nonii,

73 1378 151 1425 cum
175 1363 233 1424 aut
256 1359 340 1424 falsa
362 1359 523 1445 proferret
546 1364 602 1423 aut
625 1357 755 1424 silentio
779 1360 971 1443 praeteriret
994 1360 1151 1424 memoria
1174 1359 1280 1444 digna.

167 1464 258 1543 Quae
281 1489 352 1533 cum
376 1466 424 1532 ita
447 1466 522 1551 sint,
548 1467 705 1531 libromm
728 1467 769 1532 ab
793 1467 850 1530 illo
875 1471 1099 1551 excerptorum
1123 1467 1331 1548 testimoniis,

72 1572 114 1639 de
142 1573 261 1660 quibus
292 1596 357 1641 non
380 1578 547 1640 constaret
570 1574 716 1657 aliunde,
743 1596 837 1639 usum
862 1595 912 1637 me
936 1579 969 1638 et
991 1572 1180 1657 parcissime
1204 1578 1237 1637 et
1260 1595 1332 1637 can-

74 1680 204 1745 tissime
227 1702 294 1746 non
317 1682 380 1746 erit
402 1681 529 1745 mirum.

169 1785 324 1853 Ceterum
365 1788 501 1853 eundem
539 1785 770 1864 Qnicheratum
811 1791 985 1852 narrarunt
1025 1785 1121 1851 amici
1156 1787 1330 1851 menstruis

74 1893 341 1980 archaeologicis,
363 1894 512 1959 Lutetiae
537 1917 620 1979 quae
645 1896 817 1980 prodeunt,
842 1917 869 1959 a.
896 1894 1114 1959 laterculus
1139 1893 1331 1978 ambagibus

72 2004 106 2065 et
123 2000 373 2068 adseveratione
392 2023 512 2087 magna
530 2004 734 2067 contendisse
753 2001 854 2087 (quod
872 2000 1003 2085 quidem
1021 1999 1194 2065 invidenda
1209 2000 1331 2084 ingenii

31 2144 34 2149 ·
72 2106 236 2172 felicitate
263 2109 326 2173 iam
353 2107 551 2174 Ribbeckius
579 2110 741 2193 praeierat
764 2107 868 2173 Musei
890 2108 979 2176 rhen.
1001 2104 1124 2192 XXIX)
1148 2107 1288 2191 pessime
1312 2130 1331 2172 a

31 2294 34 2301 Ι
71 2212 168 2281 uobis
200 2236 269 2279 rem
297 2220 425 2301 gestam
449 2216 483 2279 in
506 2215 633 2280 Lucilio
658 2216 786 2301 alioque
810 2216 879 2281 eins
903 2237 984 2299 opus
1008 2214 1139 2279 editore.
1165 2249 1202 2259 -
1230 2212 1330 2277 Vides

70 2340 171 2406 quam
198 2322 266 2387 sint
287 2322 435 2388 diversae
456 2323 625 2387 hominum
649 2322 839 2389 sententiae.
877 2324 922 2385 At
945 2326 1017 2385 uter
1040 2326 1186 2385 nostrum
1211 2321 1330 2384 rectius

68 2429 275 2495 existimarit
297 2430 336 2494 de
359 2429 476 2493 studiis
500 2429 645 2513 alterius,
668 2430 821 2494 iudicium
845 2429 907 2493 erit
930 2450 1030 2511 penes
1055 2428 1178 2493 doctos.

31 2526 39 2533 ’
161 2535 251 2602 lllud
279 2537 373 2602 doleo
397 2535 582 2611 Quicherati
610 2558 722 2620 causa,
750 2537 835 2621 quod
859 2535 1014 2600 sustinuit
1038 2534 1248 2620 pronuntiare
1271 2535 1329 2598 ali·

60 2642 206 2727 quando
234 2645 342 2709 aliena
365 2667 385 2707 a
407 2642 501 2708 nobis
525 2648 731 2727 surrepttae
754 2665 812 2726 pro
835 2644 956 2707 nostris
980 2643 1154 2707 venditata.
1199 2640 1329 2706 Scilicet

57 2746 235 2835 ungulari
262 2750 404 2834 quodam
432 2749 582 2814 fortunae
610 2750 765 2835 ludibrio,
793 2750 831 2813 de
860 2771 923 2833 quo
950 2750 984 2812 in
1014 2749 1193 2833 primordio
1223 2749 1328 2832 operis

55 2837 268 2939 memoravi,
300 2877 373 2921 cum
407 2857 549 2921 evenerit
535 2857 685 2936 tnobis,
720 2861 757 2921 ut
784 2857 1063 2942 corruptissimum
1092 2876 1250 2939 quemque
1278 2856 1329 2918 vel

55 2960 286 3029 librariorum
301 2962 352 3028 vel
367 2961 549 3027 criticorum
566 2963 663 3048 culpa
677 2986 735 3029 nec
750 2986 815 3028 non
830 2964 869 3028 ad
886 2963 1028 3027 taedium
1042 2984 1144 3046 usque
1158 2961 1327 3027 doctorum

52 3069 229 3135 obrutum
253 3070 444 3135 commentis
468 3073 608 3134 tractare
631 3072 873 3136 institueremus
897 3069 1103 3154 scriptorem,
1127 3070 1244 3133 mirum
1269 3069 1331 3132 erit

51 3175 224 3265 profecto
248 3181 283 3240 et
305 3175 486 3259 indignum,
508 3175 592 3259 quod
615 3198 861 3262 nonnumquam
884 3178 951 3242 sive
970 3174 1156 3260 ignorantia
1174 3177 1242 3240 veri
1262 3177 1329 3239 sive

53 3282 250 3353 memoriae
275 3281 354 3346 vitio
377 3281 462 3365 lapsi
486 3286 661 3366 occupatas
686 3285 727 3348 ab
751 3283 823 3348 aliis
846 3285 1047 3348 coniecturas
1070 3282 1328 3349 contribuimus

53 3389 192 3481 primis
216 3388 418 3453 auctoribus!

162 3493 211 3560 nt
246 3496 339 3580 potui
376 3494 505 3578 quidem
541 3496 638 3561 facile
670 3518 818 3582 regerere
851 3499 970 3561 crimen
1005 3499 1115 3563 allatis
1148 3520 1186 3563 ex
1219 3497 1328 3563 Nonio

61 3603 232 3688 exemplis
255 3601 341 3666 hand
367 3622 444 3665 sane
467 3602 590 3685 paucis,
615 3605 731 3688 quibus
756 3604 807 3668 rel
831 3611 943 3668 nostra
965 3607 1015 3669 vel
1036 3606 1174 3670 aliorum
1193 3605 1328 3669 inventa
1450 3638 1455 3648 ·

65 3708 141 3789 ,ibi
162 3708 320 3775 adscribit
343 3707 565 3784 Quicheratus.
613 3708 675 3774 Sed
699 3712 785 3776 enim
809 3712 837 3775 si
860 3713 984 3775 vireret
1007 3712 1057 3776 vir
1079 3712 1328 3777 honestissimus

67 3818 118 3891 ,t
136 3836 227 3901 quem
251 3837 348 3899 saepe
372 3814 501 3897 iudicio,
524 3837 700 3900 numquam
724 3817 786 3881 fide
809 3818 937 3900 lapsum
959 3818 1036 3900 scio,
1058 3818 1120 3883 hoc
1138 3826 1224 3884 certe
1243 3820 1327 3884 libro

13 3938 17 3943 '
72 3926 162 4003 laeto
190 3922 286 3989 illum
317 3927 388 3987 tam
419 3922 524 4005 turpis
558 3921 694 4005 puderet
725 3925 843 3987 erroris
872 3923 1137 4010 intellegeretque
1164 3927 1259 3991 nobis
1287 3927 1327 3990 ad

10 4006 20 4047 '⁷
49 4030 208 4129 propria
231 4029 350 4095 horrea
372 4028 536 4113 implenda
558 4051 622 4093 non
642 4051 723 4112 opus
742 4051 812 4093 esse
833 4030 980 4112 spoliatis
1001 4031 1138 4097 aliorum
1158 4035 1328 4116 granariis.

164 4134 335 4201 Praeterea
364 4136 485 4200 multos
515 4157 532 4199 e
559 4136 644 4201 doct'
620 4141 663 4199 trs
691 4136 764 4199 inde
792 4159 812 4201 a
839 4158 920 4202 saec
943 4136 1021 4202 XVI
1050 4161 1150 4223 usque
1178 4140 1326 4204 adhunc

10 4239 164 4365 Μ
184 4243 327 4327 agitasse
351 4241 389 4306 de
408 4239 517 4307 Nonio
542 4241 665 4306 edendo
689 4248 827 4308 constat
864 4244 914 4309 Ex
937 4244 1053 4329 quibus
1072 4247 1218 4309 nonnulli
1238 4249 1327 4310 fuere

10 4322 222 4433 primarii
245 4369 348 4432 neque
372 4348 511 4431 impares
535 4351 715 4434 proposito,
738 4353 841 4416 maior
863 4374 939 4436 pars
963 4353 1114 4434 teles,t
1077 4357 1114 4417 ut
1134 4352 1265 4416 minime
1285 4353 1328 4416 sit

88 4452 263 4539 iciendum,
290 4454 377 4540 quod
399 4477 467 4519 rem
491 4457 674 4521 institutam
699 4479 764 4523 non
791 4459 831 4523 ad
855 4461 976 4524 exitum
1000 4460 1237 4524 continuarunt
1283 4458 1327 4522 Et

80 4557 213 4627 misere
240 4583 369 4647 omnes,
395 4584 471 4645 pars
501 4568 603 4628 morte
634 4564 745 4629 aliisve
774 4567 900 4631 casibus
924 4566 1117 4651 praepediti,
1143 4588 1219 4650 pars
1244 4566 1326 4630 diffi-

84 4662 198 4734 nltate
210 4670 328 4754 ¹operis
346 4670 423 4735 victi
443 4692 481 4735 ac
499 4675 665 4754 postremo
686 4673 885 4756 verecundia,
904 4695 976 4737 cum
996 4674 1035 4736 de
1050 4677 1164 4737 nostra
1181 4673 1323 4737 editione

68 4777 290 4842 munisset
311 4799 429 4842 rumor.
