3164 5326
786 1055 814 1127 1.

548 1232 699 1305 11551
728 1230 1056 1326 saumarius)

244 1389 421 1443 Lemmatum
434 1386 538 1443 Indicis
558 1405 622 1443 oum
640 1386 698 1441 iam
716 1386 746 1439 in
766 1386 807 1440 ed.
824 1401 848 1439 a.
866 1391 933 1439 1471
954 1389 984 1440 55
996 1384 1179 1455 sequentibus
1192 1387 1274 1441 rudia
1288 1388 1424 1457 quaedam

170 1461 249 1514 facta
269 1462 362 1514 esseut
379 1457 475 1528 initia,
495 1477 560 1515 mox
579 1460 653 1513 idem
672 1460 778 1512 maiore
797 1473 864 1511 cura
883 1459 1035 1513 adornatus
1055 1458 1092 1511 ab
1109 1457 1191 1513 Aldo.
1230 1457 1318 1522 Quem
1337 1460 1425 1516 secuti

170 1530 263 1585 multa
282 1532 312 1584 in
329 1531 430 1585 melius
448 1533 594 1587 mutarunt
612 1531 721 1591 lunius,
744 1528 897 1594 Mercerus,
922 1529 1052 1585 Rothius.
1088 1529 1180 1597 Atque
1201 1530 1281 1584 huius
1300 1547 1318 1584 a
1335 1532 1426 1602 nobis,

170 1619 236 1657 cum
256 1607 397 1657 correctus
416 1605 491 1656 esset
509 1601 579 1658 locis
598 1600 703 1666 multis,
722 1599 844 1654 traditus
862 1600 1048 1670 typographis
1067 1599 1189 1656 libellus.
1219 1601 1306 1667 Quem
1321 1604 1426 1659 imitati

170 1674 258 1729 etiam
283 1672 341 1727 alia
365 1674 515 1742 quaedam,
539 1689 613 1744 quae
632 1670 767 1726 memoria
784 1671 947 1725 viderentur
965 1671 1063 1741 digna,
1082 1671 1185 1726 Latina
1204 1673 1249 1727 vel
1268 1673 1375 1728 Graeca
1394 1694 1427 1730 ex

173 1746 341 1799 commentis
360 1746 445 1799 Nouii
464 1744 592 1800 dedimus
612 1747 752 1813 excerpta.
790 1744 876 1797 Porro
896 1744 1041 1798 commodo
1061 1747 1093 1798 ut
1111 1745 1206 1799 nostro
1226 1745 1426 1815 consuleretur,

169 1816 200 1871 in
217 1818 357 1886 scriptura
370 1816 518 1871 verborum
532 1817 674 1871 reddenda
688 1820 717 1869 et
731 1814 852 1868 maxime
867 1815 980 1883 quidem
995 1815 1023 1869 in
1039 1815 1295 1885 praepositionibus
1314 1818 1426 1872 adsimi-

169 1888 265 1942 landis
284 1898 444 1957 expressum
463 1891 496 1943 ut
513 1886 664 1958 plurimum
684 1887 807 1940 eiusdem
827 1886 979 1955 exemplar.

244 1960 396 2014 Nominum
415 1960 472 2014 fere
487 1959 594 2029 positus
608 1962 701 2012 rectus
716 1975 795 2012 casus
810 1961 921 2011 servato
936 1974 1052 2012 numero
1066 1959 1095 2011 et
1107 1956 1137 2011 in
1152 1958 1299 2014 adiectivis
1314 1977 1425 2030 genere.

170 2032 300 2102 Excepta
318 2049 359 2098 ea,
379 2046 451 2100 quae
470 2031 584 2099 obliquo
604 2046 669 2084 casu
689 2047 751 2083 cum
771 2029 888 2083 consilio
908 2029 1002 2098 posita
1021 2034 1176 2098 appareret.

246 2102 329 2157 Vneis
353 2102 453 2156 inclusi
472 2102 582 2157 numeri
601 2102 703 2171 capitis
722 2101 760 2155 IV
779 2099 974 2155 demonstrant
992 2100 1068 2155 locos
1087 2100 1219 2156 editionis
1237 2101 1426 2158 Mercurianae

169 2175 200 2229 in
220 2178 318 2228 nostra
337 2176 468 2230 mutatos.

243 2247 333 2299 llrunt
357 2244 407 2315 qui
425 2244 569 2314 copiosam
587 2244 679 2313 magis
698 2244 845 2298 verborum
865 2258 1014 2311 rerumque
1034 2260 1051 2297 a
1069 2243 1160 2299 Nonio
1180 2246 1224 2299 vel
1244 2247 1426 2316 scriptoribus

169 2333 241 2384 quos
261 2318 353 2371 adfert
371 2321 588 2371 memoratarum
607 2317 813 2370 enarrationem
832 2313 999 2369 desiderent
1030 2314 1135 2379 Quibus
1153 2319 1257 2370 tamen·
1265 2319 1426 2372 satisfacere

169 2405 227 2443 non
251 2388 346 2454 licuit,
373 2405 437 2443 cum
458 2388 513 2443 toti
538 2390 697 2442 teneremur
721 2385 814 2441 studio
838 2385 989 2453 aliquando
1014 2386 1178 2440 absolvendi
1202 2405 1272 2457 opus
1295 2391 1354 2442 tum
1378 2390 1426 2444 diu

168 2460 301 2515 tractum.
338 2458 377 2512 At
395 2461 449 2513 crit
467 2460 586 2514 fortasse
605 2458 707 2526 aliquis
726 2460 799 2512 inter
818 2456 949 2525 iuniores,
971 2458 1017 2511 cui
1036 2461 1169 2528 suppetat
1186 2459 1297 2514 abunde
1317 2461 1368 2515 otii
1389 2464 1423 2514 ad

170 2531 401 2601 supplementum
421 2532 622 2587 conficiendum
642 2529 724 2584 huius
744 2530 854 2584 lndicis.

598 2672 734 2742 accipiter
749 2689 830 2727 11555.
841 2678 865 2726 ct
874 2673 934 2739 sem.
946 2678 996 2726 192
1026 2672 1167 2741 acipenser
1186 2679 1237 2728 550

599 2745 795 2799 accommodat
815 2750 847 2797 71
1026 2744 1139 2811 aclydes
1158 2751 1210 2798 554

169 2817 304 2871 abdicare
323 2822 376 2870 450
599 2817 853 2882 accommodatum,
890 2831 996 2870 accom-
1026 2821 1161 2869 5515240

169 2890 363 2944 aberruncarc.
383 2889 418 2955 cf.
438 2906 527 2944 averr.
635 2888 748 2940 modare
768 2891 820 2939 244
1026 2886 1180 2941 acrimonia
1199 2893 1232 2940 73

168 2961 342 3029 5015115173
600 2959 748 3013 accubitio.
773 2959 807 3024 cf.
832 2973 923 3013 comm.
947 2963 998 3010 103
1027 2958 1198 3012 5511155493

169 3031 312 3085 ablativus
336 3048 386 3100 pro
410 3031 571 3085 accusativo
599 3029 775 3085 accusativus
818 3032 847 3081 et
888 3027 999 3082 dativus
1027 3029 1168 3083 actuariae
1188 3036 1240 3083 535

205 3109 256 3156 501
634 3101 768 3170 temporis
788 3104 840 3153 525
1026 3101 1157 3154 adamare
1178 3107 1210 3154 59

169 3173 312 3228 ablativus
332 3190 383 3242 pro
402 3172 499 3228 dativo
518 3180 569 3229 501
600 3173 777 3228 accusativus
801 3188 852 3240 pro
872 3170 998 3226 ablativo
1026 3171 1189 3226 adauctavit
1208 3179 1241 3226 75

168 3244 313 3299 ablativus
322 3262 372 3313 pro
381 3245 571 3314 genetiv0500
635 3252 687 3299 497
1026 3244 1141 3298 adaxint
1161 3251 1194 3297 75

169 3317 304 3385 ablegare
324 3323 357 3370 32
599 3316 775 3371 accusativus
802 3315 846 3368 vel
874 3313 998 3367 nomina·
1026 3315 1169 3369 addictum
1189 3321 1222 3368 50

169 3388 337 3456 abligurrire
358 3394 418 3457 134,
432 3393 466 3441 23
633 3389 708 3441 tivus
731 3404 780 3456 pro
800 3386 926 3440 ablativo
945 3389 997 3439 407
1025 3385 1162 3440 adducere
1182 3393 1233 3440 245

168 3460 264 3514 505115
284 3462 336 3512 533
597 3460 772 3514 accusativus
813 3474 864 3527 pro
902 3457 998 3511 dativo
1026 3456 1141 3511 adesum
1160 3464 1194 3511 70

167 3531 315 3585 aboriatur
334 3537 365 3583 71
633 3537 693 3584 495.
715 3536 766 3584 502
1023 3528 1139 3584 adfabre
1158 3535 1200 3596 40,
1216 3535 1250 3582 25
1335 3546 1337 3550 ·

167 3603 285 3656 aborsus
304 3604 334 3654 et
351 3602 467 3655 abortus
486 3606 539 3656 448
597 3602 773 3656 accusativus
792 3617 844 3669 pro
863 3597 995 3667 genetivo
1023 3599 1113 3653 adfari
1132 3607 1184 3654 453

166 3673 348 3728 abscondidit
367 3679 399 3727 75
632 3680 692 3727 499.
713 3679 763 3727 501
1023 3671 1166 3726 adfectare
1187 3678 1219 3725 75

166 3746 286 3799 absente
305 3743 386 3798 nobis
406 3751 439 3797 75
597 3745 771 3799 accusativus
784 3742 892 3796 numeri
903 3741 995 3810 singu·
1024 3742 1165 3796 adfectum
1187 3748 1237 3796 150

166 3816 334 3882 abundum,
357 3814 493 3870 absintius
518 3821 569 3870 190
632 3816 699 3870 laris
719 3831 769 3885 pro
786 3815 919 3884 genetivo
935 3811 994 3882 plu·
1024 3813 1106 3867 adfici
1125 3814 1206 3869 bonis
1225 3819 1276 3867 519

166 3889 306 3942 absonum
326 3894 359 3941 72
631 3887 698 3940 ralis
717 3894 768 3941 405
1023 3886 1216 3953 adglomerare
1236 3893 1270 3940 35

166 3959 323 4014 abstemius
344 3965 377 4012 58
596 3960 771 4013 accusativus
796 3974 846 4026 pro
870 3955 994 4010 nomina-
1023 3957 1175 4011 adhaesum
1196 3964 1228 4011 73

165 4029 312 4087 abundare
332 4037 365 4083 41
632 4031 691 4083 tivo
711 4036 762 4084 500
1023 4029 1168 4098 adipatum
1189 4035 1222 4082 59

165 4103 280 4158 abunde
299 4108 351 4155 515
596 4104 739 4155 aceratum
757 4107 867 4170 445,1a
1022 4101 1124 4168 aditus,
1144 4100 1222 4154 adire
1243 4106 1293 4155 237

166 4176 258 4229 abusa
279 4179 312 4226 75
595 4172 710 4227 acerbat
729 4180 761 4226 73
1021 4172 1154 4241 adiugare
1175 4178 1208 4226 75

163 4245 280 4301 accensi
299 4251 340 4299 59.
361 4250 421 4311 520,
441 4250 457 4298 0
596 4245 725 4298 acerbum
744 4249 796 4297 247
1021 4242 1188 4297 adiutamini
1209 4249 1242 4296 74

163 4331 286 4384 occepso
305 4322 339 4368 74
595 4322 739 4370 acetosum
749 4318 777 4369 ct
787 4317 929 4369 aceratum
940 4319 992 4368 445
1021 4315 1164 4368 adiutatur
1182 4321 1234 4368 477

163 4387 284 4457 accinge
303 4392 355 4440 459
595 4387 725 4440 Acheron
738 4402 819 4440 15555.
830 4392 855 4439 ct
868 4387 929 4452 sesa.
942 4390 991 4439 191
1021 4386 1145 4440 adlectat
1165 4392 1198 4439 75

162 4461 295 4529 accipere
315 4464 366 4512 239
596 4459 715 4525 acinum,
735 4458 831 4512 acinus
853 4462 903 4510 193
1020 4456 1220 4512 adminiculari
1240 4464 1272 4511 77

163 4574 227 4582 -——-
238 4572 340 4578 ‚-....—.
361 4571 381 4576 .-

239 4638 266 4705 *1
292 4637 460 4706 paginarum
493 4637 600 4691 numeri
629 4638 656 4690 in
685 4636 737 4689 hoc
766 4634 861 4689 Indice
889 4634 995 4702 pariter
1021 4650 1054 4687 ac
1083 4635 1263 4704 sequentibus
1290 4635 1421 4693 editionis

162 4716 231 4768 sunt
251 4709 451 4777 Mercerianae,
470 4724 602 4763 versuum
621 4710 745 4783 nostrae..
