3098 5316
600 311 736 370 NONIVS
756 308 974 368 MARCELLVS

168 412 180 447 n
194 406 217 446 rr

255 479 415 545 Pacuvius
438 477 608 546 Periboea:

325 603 430 671 meins,
449 604 575 671 egestas,
594 603 698 668 meror,
716 601 838 670 senium,
857 600 984 666 exilium
1003 598 1082 668 queis
1100 596 1208 655 eneciu’
1228 615 1297 653 sum.

255 728 443 778 vnnrnsrro
463 711 581 776 dicitur
594 712 674 777 levis
689 711 864 794 oonieniio,
883 710 997 792 [dicia]
1017 732 1056 776 ex
1074 709 1303 796 congressione
1322 708 1411 773 veli·

167 823 256 886 lum.
300 819 437 884 Planius
462 817 626 885 Asinaria:

325 940 417 995 verbis
435 940 629 997 veliiiiionem
646 941 710 995 fieri
728 940 867 1012 conpendi
884 941 956 996 volo.

255 1051 340 1115 idem
363 1049 596 1116 Menaechmis:

324 1170 489 1242 nescioquid
507 1190 557 1229 vos
575 1171 686 1230 velitati
704 1173 772 1228 estis
791 1173 914 1228 intervos
933 1172 996 1228 dno.

256 1282 420 1367 Turpilius
444 1281 573 1348 Lindia:

325 1406 462 1475 conpe‘rce
480 1404 573 1460 verbis
592 1405 717 1472 velitari3
737 1406 773 1461 ad
792 1408 850 1459 rem
870 1404 938 1459 redi.

255 1514 411 1580 Afranius
435 1514 603 1602 Priuigno:

324 1637 433 1692 interea
451 1636 543 1691 verbis
558 1638 644 1693 verba
662 1639 766 1692 lactare
786 1640 814 1691 όι
830 1636 917 1691 labris

324 1718 428 1773 intense
446 1717 572 1786 veliuiri,
590 1717 744 1774 velioirrier.

255 1825 415 1892 Caecilius
439 1826 653 1893 l'ausimacho
676 1850 766 1890 *e*

253 1934 444 2018 Phrygiones
473 1940 547 2000 strat
577 1936 711 2018 artifices
740 1936 869 1999 cestium
901 1954 959 1998 acu
988 1935 1156 2015 piciuntos,
1186 1953 1208 1996 a
1236 1931 1414 2016 Perpetuo

161 2042 244 2126 dicii,
266 2042 347 2124 quod
368 2042 403 2105 in
423 2040 564 2125 Phrygio
585 2039 641 2105 lroc
659 2061 756 2124 graus
773 2041 853 2106 urls'e
869 2039 1001 2122 polleat.
1036 2038 1098 2105 hoo
1110 2038 1277 2126 Vergilius
1295 2039 1412 2125 probel

160 2149 195 2213 in
217 2148 273 2214 lib.
297 2170 397 2213 nono:

253 2356 267 2403 1
293 2349 431 2405 Pacuvius
450 2348 586 2405 Periboea
608 2353 618 2421 ll
640 2356 657 2404 4
680 2351 811 2418 11‚2.41
835 2353 845 2419 fl
867 2357 883 2404 6
903 2350 936 2417 V,
955 2355 980 2415 2,
999 2355 1035 2404 28
1056 2351 1066 2420 fl
1089 2353 1105 2401 8
1125 2348 1268 2420 Turpilius
1286 2348 1388 2403 Lindia
1403 2351 1414 2423 ll

163 2437 195 2485 10
214 2429 348 2485 Afranius
367 2429 499 2499 Privigno
518 2433 528 2500 ΙΙ
548 2437 580 2485 13
600 2429 738 2486 Caecilius
756 2430 942 2485 Pausimncho
961 2432 971 2500 l
991 2435 1023 2483 16
1042 2428 1088 2499 ix,
1107 2435 1167 2486 614.

253 2611 268 2663 l
289 2608 427 2665 Pacnbins
442 2608 491 2679 L„
510 2608 545 2677 G,
563 2608 671 2677 Bamb„
690 2609 771 2663 ctiam
784 2608 824 2675 Η,
843 2609 889 2664 sed
907 2626 941 2663 m.
961 2613 977 2662 1
996 2625 1065 2664 corr.
1086 2640 1118 2648 -—
1138 2607 1221 2663 ibosn
1239 2611 1362 2664 metuse
1381 2628 1415 2665 en

160 2691 195 2745 H
209 2694 386 2746 evanuerant.
408 2721 439 2728 -
459 2687 477 2742 2
496 2705 605 2744 maeror
624 2689 658 2756 G,
676 2689 774 2744 Bamb.
796 2720 828 2728 —
848 2687 971 2756 exilium,
990 2688 1069 2758 queis
1089 2704 1112 2744 e.
1132 2706 1153 2743 s.
1176 2688 1224 2753 M;
1242 2690 1277 2756 cs.
1298 2693 1415 2746 enectus

161 2771 209 2826 sili
234 2769 369 2827 Tantalus
393 2768 449 2824 Oie.
474 2768 553 2824 Tunc
578 2770 608 2837 1,
627 2773 720 2835 5,10.
743 2801 778 2810 -
805 2767 976 2838 exiliumque
1005 2771 1035 2824 et
1063 2771 1190 2824 seneclus
1213 2771 1272 2825 cdd.
1297 2772 1415 2839 (quein

161 2852 195 2906 ΙΙ
215 2869 272 2906 non
295 2851 467 2920 comparuit).
488 2881 520 2888 —-
540 2848 558 2903 e
581 2849 658 2904 dicto
680 2850 738 2904 secl.
760 2851 804 2904 M.
823 2880 855 2889 -
871 2855 941 2921 puto
960 2866 984 2902 n.
1005 2866 1028 2904 c,
1048 2880 1082 2891 -
1101 2850 1119 2904 i
1137 2848 1415 2906 verbivelilaiionem

161 2932 308 2987 Mareu.
327 2961 363 2972 -
381 2930 399 2984 6
418 2927 590 2984 Menechmis
608 2929 642 2994 L,
662 2928 702 2997 Π,
721 2930 819 2985 Bamb.
839 2960 871 2969 -
892 2930 907 2983 ι
927 2930 947 2996 s.
968 2928 1107 2997 volitatio,
1126 2932 1256 2999 qsweiom
1273 2947 1331 2985 noe
1348 2948 1422 3000 pro-

160 3013 249 3067 babile
261 3017 299 3067 est
313 3011 462 3067 admissum
477 3029 495 3064 a
506 3010 610 3065 Plauto
623 3010 736 3076 hialam,
750 3011 799 3065 ubi
812 3016 869 3064 inm
882 3010 964 3076 facile
978 3017 1068 3081 posset
1081 3012 1173 3067 vitari.
1190 3041 1222 3050 -
1237 3012 1256 3065 u
1276 3028 1422 3081 oonpsrce

161 3091 209 3161 L„
227 3092 336 3158 Bamb„
356 3104 503 3160 comperce
522 3090 574 3160 H„
593 3105 756 3159 compserce
774 3092 813 3146 id.
832 3096 867 3156 2;
886 3106 1030 3160 comperce
1050 3091 1092 3160 G,·
1110 3091 1156 3161 L„
1176 3123 1209 3131 -
1228 3091 1293 3145 dedi
1312 3092 1419 3151 Bamb.

160 3201 195 3211 -
215 3170 252 3224 lc
270 3169 402 3239 Priuigno
421 3186 462 3237 o.;
487 3168 621 3238 Privigna
641 3169 674 3238 0,
693 3171 790 3227 Bamb.
806 3201 839 3210 -
860 3171 894 3225 ll
916 3170 1008 3225 verbis
1027 3169 1114 3225 verba
1132 3170 1238 3226 lactare
1258 3170 1308 3239 Μ,·
1326 3170 1417 3232 verba

160 3252 265 3305 iactare
285 3250 315 3315 0,
335 3250 425 3305 verbis
444 3250 548 3305 iactare
567 3252 665 3306 Burni).
686 3282 718 3291 -
740 3250 776 3305 12
795 3250 951 3316 velicarier3
971 3250 1129 3305 vellicarier
1147 3250 1325 3320 Gerlachius5
1344 3253 1411 3306 veli-

161 3330 269 3385 ficarier
296 3331 356 3385 odd.
382 3361 414 3370 -
439 3329 544 3386 1e.14
568 3330 689 3386 Oecilius
709 3331 737 3386 0.
763 3363 795 3370 -
819 3330 1081 3386 Pausimaohomnm
1111 3330 1231 3386 intereni
1258 3335 1356 3387 tamen
1379 3363 1408 3377 —-

161 3414 211 3465 ani
228 3410 302 3464 unde
322 3409 488 3480 nigerrimae
507 3414 600 3466 auster
619 3412 678 3466 leat
691 3411 791 3480 (lateat
803 3412 922 3480 Romu),
940 3413 1103 3480 interposita
1120 3413 1236 3480 pagina,
1255 3430 1326 3482 quac
1339 3415 1409 3471 inter

159 3496 215 3546 406
229 3492 246 3546 l.
260 3494 354 3545 tamen
368 3492 464 3546 verbm
479 3492 602 3546 mulcato
616 3492 696 3547 foede
711 3507 826 3561 corpore
841 3495 945 3560 postte,
958 3496 983 3544 et
996 3495 1051 3545 409
1065 3492 1082 3544 l.
1097 3490 1178 3544 triste
1192 3492 1256 3545 iila:
1270 3494 1300 3545 et
1314 3490 1407 3561 pluvio

159 3572 311 3636 exciderat,
333 3572 393 3626 cdd.
414 3601 446 3611 —
471 3576 559 3626 rectus
578 3572 644 3626 ordo
661 3572 803 3625 restitutus
821 3571 897 3642 Me„
919 3577 944 3626 el
962 3572 1018 3625 ium
1037 3572 1068 3624 iss
1086 3571 1174 3627 Poris.
1194 3576 1282 3637 7576,
1306 3575 1356 3642 qui
1373 3583 1408 3631 est

159 3667 227 3706 succ.
250 3650 318 3716 XV,
341 3650 379 3704 ud
400 3650 481 3717 finem
504 3652 635 3705 lemmatis
654 3650 781 3706 velilaiio
800 3657 938 3707 notatum:
961 3652 1030 3706 hoec
1049 3651 1187 3707 vocabula
1208 3653 1357 3721 sequentia
1373 3656 1407 3711 ab

159 3731 211 3786 hoc
228 3730 308 3799 signo
322 3727 412 3782 crucis
427 3728 463 3784 nd
478 3729 564 3785 aliam
579 3747 689 3784 crucem
703 3732 807 3787 debent
816 3730 966 3801 interponi,
981 3738 1005 3786 et
1019 3749 1067 3802 pp.
1077 3737 1145 3787 409.-
1159 3731 1260 3786 desnnl
1270 3734 1408 3802 quaedam

159 3806 298 3866 vocabula
315 3807 481 3877 incipientia
499 3826 517 3862 a
534 3811 571 3872 Τ,
590 3827 662 3879 quae
680 3810 759 3867 iuxta
777 3811 958 3882 principium,
977 3810 1026 3866 ubi
1045 3813 1160 3867 esthon
1179 3812 1290 3881 signum
1309 3817 1409 3884 crucis,

90 3904 94 3911 ·
159 3895 255 3945 auctor
273 3894 311 3943 eei
331 3889 518 3958 Quicherntus.
538 3921 573 3931 -
591 3894 622 3946 in
642 3892 821 3962 Montepese„
844 3908 897 3961 quo
914 3893 1002 3962 magis
1020 3893 1085 3946 llaec
1103 3893 1140 3947 ad
1158 3908 1224 3946 aeus
1243 3893 1409 3962 adaptam-

158 3974 205 4023 lur
224 3969 376 4039 legentium,
395 3970 560 4025 emissariis
574 3971 704 4027 Afranius
718 3971 851 4041 Privigna
865 4003 897 4011 —
913 3972 993 4026 Caec.
1009 3971 1270 4027 Pansimachomum
1285 3972 1411 4032 inserent

158 4050 268 4115 tamem
296 4053 354 4103 ium
374 4051 466 4117 posita
488 4068 520 4105 ca
543 4069 612 4120 quoe
634 4057 700 4106 suat
722 4055 790 4121 toga
813 4052 889 4107 diota
912 4056 955 4106 est
977 4070 998 4108 e.
1017 4070 1042 4121 q.
1061 4070 1082 4107 s.
1101 4069 1185 4123 sssgrse
1207 4054 1244 4107 ad
1267 4053 1350 4107 simul
1376 4074 1410 4113 ac

159 4128 257 4198 letigit
280 4128 454 4199 provinciam
479 4133 555 4198 (409,
575 4136 619 4199 4);
642 4133 740 4187 deinde
761 4134 941 4187 cornicantur
964 4135 981 4188 l.
1005 4133 1214 4188 hostimentum.
1234 4164 1268 4172 -
1289 4134 1326 4188 15
1352 4134 1411 4193 leat

158 4216 225 4264 nota
248 4211 412 4281 iruigm'tum
434 4212 465 4265 in
491 4213 531 4279 G;
554 4214 586 4266 ia
608 4230 674 4283 mrp.
698 4215 813 4282 repetitu
835 4214 926 4269 endem
949 4214 1075 4268 additum
1097 4212 1142 4267 hic
1166 4213 1266 4268 desunt
1288 4217 1411 4282 quatuor

159 4290 251 4345 lineae
275 4308 346 4359 quae
370 4290 399 4344 in
425 4291 568 4346 autentico
587 4294 742 4348 nouerant
761 4293 888 4363 scriptae.
926 4295 1016 4348 endem
1035 4295 1176 4363 adscripta
1195 4295 1247 4364 legi
1264 4296 1297 4349 ia
1320 4294 1410 4353 Victo·

158 4371 222 4424 rino
250 4375 364 4426 ιεειαιιιι
384 4372 427 4424 Μ.
452 4403 485 4411 -
510 4373 611 4427 cendit
639 4379 729 4428 autem
751 4379 776 4428 et
800 4373 914 4428 Caecilii
936 4374 1086 4444 exemplum
1110 4380 1135 4428 et
1153 4375 1284 4429 meraris
1309 4376 1410 4449 Pirryg.

157 4451 285 4516 initium
308 4452 380 4521 quod
403 4452 510 4520 quidun
533 4455 598 4508 bene
621 4460 658 4509 est
681 4457 837 4510 restitutum
860 4473 878 4508 a
902 4453 1002 4508 Ιιοιιιὲο
1025 4454 1056 4507 in
1075 4454 1200 4508 Addenci.
1222 4470 1269 4523 pp.
1289 4458 1354 4509 460.
1376 4488 1409 4497 -

158 4530 313 4599 Vergilius;
341 4533 382 4584 ila
400 4548 502 4601 sesnpcr
519 4535 651 4604 scriptum
670 4536 701 4589 in
719 4535 745 4588 L
764 4540 879 4589 testatur
896 4534 1014 4589 Roilrius
1031 4534 1062 4587 in
1082 4535 1195 4598 Indioe;
1220 4536 1283 4588 item
1302 4535 1409 4607 Zange-

157 4613 297 4666 mes'stcrus
313 4629 358 4682 pp.
375 4616 443 4677 191;
460 4617 480 4667 2
498 4615 535 4668 nd
554 4616 571 4667 l.
591 4619 680 4681 nrtus;
699 4632 774 4670 arva.
808 4616 833 4669 θ
851 4616 950 4684 ubique
963 4613 1107 4683 Virgilius,
1126 4620 1157 4668 ιιι
1173 4620 1256 4683 puto;
1274 4633 1361 4684 mosee
1376 4635 1411 4673 cn

158 4692 193 4745 H
208 4693 288 4746 uliud
305 4694 362 4759 fere
379 4697 512 4748 notatum.
549 4695 581 4748 de
599 4712 651 4765 quo
669 4697 897 4751 ammonuisse
915 4695 991 4750 salu.
1010 4725 1043 4734 -
1062 4696 1087 4747 ιι.
1107 4695 1124 4749 ι.
1144 4693 1280 4763 Virgilius
1301 4696 1356 4768 11„
1376 4699 1411 4767 G,

159 4773 257 4828 Bamb.
