<?xml version="1.0" encoding="UTF-8"?>
<!DOCTYPE html PUBLIC "-//W3C//DTD XHTML 1.0 Transitional//EN"
    "http://www.w3.org/TR/xhtml1/DTD/xhtml1-transitional.dtd">
<html xmlns="http://www.w3.org/1999/xhtml" xml:lang="en" lang="en">
 <head>
  <title>
</title>
<meta http-equiv="Content-Type" content="text/html;charset=utf-8" />
  <meta name='ocr-system' content='tesseract 3.04.00' />
  <meta name='ocr-capabilities' content='ocr_page ocr_carea ocr_par ocr_line ocrx_word'/>
</head>
<body>
  <div class='ocr_page' id='page_1' title='image "./nonimarcellicom00marcgoog_0996.png"; bbox 0 0 3164 5326; ppageno 0'>
   <div class='ocr_carea' id='block_1_1' title="bbox 421 336 1423 412">
    <p class='ocr_par' dir='ltr' id='par_1_1' title="bbox 421 336 1423 412">
     <span class='ocr_line' id='line_1_1' title="bbox 421 336 1423 412; baseline 0.007 -14"><span class='ocrx_word' id='word_1_1' title='bbox 421 343 471 398; x_wconf 80' lang='lat' dir='ltr'>Du</span> <span class='ocrx_word' id='word_1_2' title='bbox 489 342 770 410; x_wconf 79' lang='lat' dir='ltr'>INSEQVENTIVM</span> <span class='ocrx_word' id='word_1_3' title='bbox 791 342 1036 398; x_wconf 79' lang='lat' dir='ltr'>SAECVLORVM</span> <span class='ocrx_word' id='word_1_4' title='bbox 1055 360 1079 400; x_wconf 88' lang='lat' dir='ltr'>e.</span> <span class='ocrx_word' id='word_1_5' title='bbox 1098 360 1125 412; x_wconf 93' lang='lat' dir='ltr'>q.</span> <span class='ocrx_word' id='word_1_6' title='bbox 1145 361 1166 397; x_wconf 89' lang='lat' dir='ltr'>s.</span> <span class='ocrx_word' id='word_1_7' title='bbox 1339 336 1342 349; x_wconf 60' lang='lat'><strong>¹</strong></span> <span class='ocrx_word' id='word_1_8' title='bbox 1360 341 1423 405; x_wconf 80' lang='grc'>271</span> 
     </span>
    </p>
   </div>
   <div class='ocr_carea' id='block_1_2' title="bbox 160 503 1424 4866">
    <p class='ocr_par' dir='ltr' id='par_1_2' title="bbox 162 503 1422 1447">
     <span class='ocr_line' id='line_1_2' title="bbox 251 503 1421 592; baseline -0.003 -21"><span class='ocrx_word' id='word_1_9' title='bbox 251 506 298 572; x_wconf 80' lang='lat' dir='ltr'>Et</span> <span class='ocrx_word' id='word_1_10' title='bbox 330 508 496 591; x_wconf 76' lang='lat' dir='ltr'>glosatum</span> <span class='ocrx_word' id='word_1_11' title='bbox 530 505 659 592; x_wconf 91' lang='lat' dir='ltr'>quidem</span> <span class='ocrx_word' id='word_1_12' title='bbox 689 506 766 571; x_wconf 89' lang='lat' dir='ltr'>libri</span> <span class='ocrx_word' id='word_1_13' title='bbox 796 510 910 572; x_wconf 89' lang='lat' dir='ltr'>auctor</span> <span class='ocrx_word' id='word_1_14' title='bbox 937 507 1043 591; x_wconf 80' lang='lat' dir='ltr'><strong>ipsam</strong></span> <span class='ocrx_word' id='word_1_15' title='bbox 1073 505 1234 590; x_wconf 78' lang='lat' dir='ltr'>excerpsit</span> <span class='ocrx_word' id='word_1_16' title='bbox 1262 503 1421 590; x_wconf 80' lang='lat' dir='ltr'>Compen-</span> 
     </span>
     <span class='ocr_line' id='line_1_3' title="bbox 163 612 1422 698; baseline -0.002 -19"><span class='ocrx_word' id='word_1_17' title='bbox 163 614 289 679; x_wconf 87' lang='lat' dir='ltr'>diosam</span> <span class='ocrx_word' id='word_1_18' title='bbox 304 613 495 698; x_wconf 87' lang='lat' dir='ltr'>doctrinam,</span> <span class='ocrx_word' id='word_1_19' title='bbox 514 619 551 679; x_wconf 91' lang='lat' dir='ltr'>ut</span> <span class='ocrx_word' id='word_1_20' title='bbox 565 613 722 697; x_wconf 80' lang='lat' dir='ltr'>exemplis</span> <span class='ocrx_word' id='word_1_21' title='bbox 738 635 819 698; x_wconf 89' lang='lat' dir='ltr'>quac</span> <span class='ocrx_word' id='word_1_22' title='bbox 834 614 995 698; x_wconf 91' lang='lat' dir='ltr'>prompsit</span> <span class='ocrx_word' id='word_1_23' title='bbox 1004 612 1157 678; x_wconf 83' lang='lat' dir='ltr'>Goetaius</span> <span class='ocrx_word' id='word_1_24' title='bbox 1172 612 1422 677; x_wconf 87' lang='lat' dir='ltr'>demonstratur.</span> 
     </span>
     <span class='ocr_line' id='line_1_4' title="bbox 162 717 1422 807; baseline -0.002 -22"><span class='ocrx_word' id='word_1_25' title='bbox 162 717 289 785; x_wconf 83' lang='lat' dir='ltr'>Contra</span> <span class='ocrx_word' id='word_1_26' title='bbox 312 720 423 805; x_wconf 85' lang='lat' dir='ltr'>glosas</span> <span class='ocrx_word' id='word_1_27' title='bbox 446 719 678 807; x_wconf 77' lang='lat' dir='ltr'><strong>Lugdunenses</strong></span> <span class='ocrx_word' id='word_1_28' title='bbox 707 721 829 804; x_wconf 84' lang='lat' dir='ltr'>petitae</span> <span class='ocrx_word' id='word_1_29' title='bbox 854 742 891 785; x_wconf 84' lang='lat' dir='ltr'>ex</span> <span class='ocrx_word' id='word_1_30' title='bbox 915 720 1061 806; x_wconf 80' lang='lat' dir='ltr'>margine</span> <span class='ocrx_word' id='word_1_31' title='bbox 1085 720 1154 784; x_wconf 89' lang='lat' dir='ltr'>eius</span> <span class='ocrx_word' id='word_1_32' title='bbox 1179 717 1322 783; x_wconf 85' lang='lat' dir='ltr'>Noniani</span> <span class='ocrx_word' id='word_1_33' title='bbox 1346 741 1422 802; x_wconf 86' lang='lat' dir='ltr'>apc-</span> 
     </span>
     <span class='ocr_line' id='line_1_5' title="bbox 162 825 1422 912; baseline -0.002 -21"><span class='ocrx_word' id='word_1_34' title='bbox 162 826 292 912; x_wconf 81' lang='lat' dir='ltr'>graphi,</span> <span class='ocrx_word' id='word_1_35' title='bbox 314 828 398 893; x_wconf 88' lang='lat' dir='ltr'>unde</span> <span class='ocrx_word' id='word_1_36' title='bbox 422 828 598 894; x_wconf 87' lang='lat' dir='ltr'>deteriores</span> <span class='ocrx_word' id='word_1_37' title='bbox 618 826 718 892; x_wconf 90' lang='lat' dir='ltr'>Nonii</span> <span class='ocrx_word' id='word_1_38' title='bbox 741 827 844 892; x_wconf 92' lang='lat' dir='ltr'>libros</span> <span class='ocrx_word' id='word_1_39' title='bbox 867 826 981 892; x_wconf 91' lang='lat' dir='ltr'>ductos</span> <span class='ocrx_word' id='word_1_40' title='bbox 1000 848 1100 911; x_wconf 88' lang='lat' dir='ltr'>supra</span> <span class='ocrx_word' id='word_1_41' title='bbox 1118 825 1304 910; x_wconf 83' lang='lat' dir='ltr'>memoravi,</span> <span class='ocrx_word' id='word_1_42' title='bbox 1323 825 1422 909; x_wconf 93' lang='lat' dir='ltr'>idque</span> 
     </span>
     <span class='ocr_line' id='line_1_6' title="bbox 162 932 1421 1019; baseline -0.002 -20"><span class='ocrx_word' id='word_1_43' title='bbox 162 933 216 999; x_wconf 85' lang='lat' dir='ltr'>vel</span> <span class='ocrx_word' id='word_1_44' title='bbox 245 955 283 999; x_wconf 92' lang='lat' dir='ltr'>ea</span> <span class='ocrx_word' id='word_1_45' title='bbox 310 957 345 999; x_wconf 92' lang='lat' dir='ltr'>re</span> <span class='ocrx_word' id='word_1_46' title='bbox 374 936 546 1019; x_wconf 90' lang='lat' dir='ltr'>probatur,</span> <span class='ocrx_word' id='word_1_47' title='bbox 572 935 661 1019; x_wconf 85' lang='lat' dir='ltr'>qnod</span> <span class='ocrx_word' id='word_1_48' title='bbox 686 934 773 999; x_wconf 89' lang='lat' dir='ltr'>haud</span> <span class='ocrx_word' id='word_1_49' title='bbox 803 955 924 1019; x_wconf 78' lang='lat' dir='ltr'>paucae</span> <span class='ocrx_word' id='word_1_50' title='bbox 952 934 986 998; x_wconf 92' lang='lat' dir='ltr'>in</span> <span class='ocrx_word' id='word_1_51' title='bbox 1013 933 1060 998; x_wconf 91' lang='lat' dir='ltr'>eis</span> <span class='ocrx_word' id='word_1_52' title='bbox 1089 932 1312 1016; x_wconf 85' lang='lat' dir='ltr'>inveniuntur,</span> <span class='ocrx_word' id='word_1_53' title='bbox 1339 954 1421 1016; x_wconf 86' lang='lat' dir='ltr'>quae</span> 
     </span>
     <span class='ocr_line' id='line_1_7' title="bbox 163 1038 1422 1127; baseline -0.002 -23"><span class='ocrx_word' id='word_1_54' title='bbox 163 1040 235 1104; x_wconf 88' lang='lat' dir='ltr'>sine</span> <span class='ocrx_word' id='word_1_55' title='bbox 265 1038 365 1106; x_wconf 90' lang='lat' dir='ltr'>Nonii</span> <span class='ocrx_word' id='word_1_56' title='bbox 397 1041 573 1126; x_wconf 84' lang='lat' dir='ltr'>exemplari</span> <span class='ocrx_word' id='word_1_57' title='bbox 606 1041 753 1127; x_wconf 78' lang='lat' dir='ltr'>intellegi</span> <span class='ocrx_word' id='word_1_58' title='bbox 786 1044 957 1126; x_wconf 86' lang='lat' dir='ltr'>nequeant</span> <span class='ocrx_word' id='word_1_59' title='bbox 982 1040 1130 1104; x_wconf 88' lang='lat' dir='ltr'>-Post</span> <span class='ocrx_word' id='word_1_60' title='bbox 1161 1060 1214 1122; x_wconf 88' lang='lat' dir='ltr'>ea,</span> <span class='ocrx_word' id='word_1_61' title='bbox 1247 1061 1330 1124; x_wconf 91' lang='lat' dir='ltr'>quae</span> <span class='ocrx_word' id='word_1_62' title='bbox 1361 1060 1422 1104; x_wconf 89' lang='lat' dir='ltr'>noe</span> 
     </span>
     <span class='ocr_line' id='line_1_8' title="bbox 162 1147 1422 1233; baseline 0 -22"><span class='ocrx_word' id='word_1_63' title='bbox 162 1147 352 1212; x_wconf 87' lang='lat' dir='ltr'>summatim</span> <span class='ocrx_word' id='word_1_64' title='bbox 382 1148 565 1214; x_wconf 91' lang='lat' dir='ltr'>monuimus</span> <span class='ocrx_word' id='word_1_65' title='bbox 594 1147 711 1213; x_wconf 86' lang='lat' dir='ltr'>Annal.</span> <span class='ocrx_word' id='word_1_66' title='bbox 740 1148 852 1233; x_wconf 91' lang='lat' dir='ltr'>philol.</span> <span class='ocrx_word' id='word_1_67' title='bbox 880 1172 907 1214; x_wconf 91' lang='lat' dir='ltr'>a.</span> <span class='ocrx_word' id='word_1_68' title='bbox 936 1148 1019 1213; x_wconf 88' lang='grc'>1866</span> <span class='ocrx_word' id='word_1_69' title='bbox 1040 1167 1095 1232; x_wconf 85' lang='lat' dir='ltr'>pg.</span> <span class='ocrx_word' id='word_1_70' title='bbox 1119 1147 1184 1211; x_wconf 88' lang='lat'>388</span> <span class='ocrx_word' id='word_1_71' title='bbox 1200 1166 1259 1230; x_wconf 83' lang='lat' dir='ltr'>sq.;</span> <span class='ocrx_word' id='word_1_72' title='bbox 1290 1147 1422 1222; x_wconf 74' lang='lat' dir='ltr'>Quaest.</span> 
     </span>
     <span class='ocr_line' id='line_1_9' title="bbox 162 1251 1421 1340; baseline -0.001 -23"><span class='ocrx_word' id='word_1_73' title='bbox 162 1252 267 1318; x_wconf 88' lang='lat' dir='ltr'>Lucil.</span> <span class='ocrx_word' id='word_1_74' title='bbox 280 1253 434 1336; x_wconf 86' lang='lat' dir='ltr'>XXXVI,</span> <span class='ocrx_word' id='word_1_75' title='bbox 447 1254 569 1320; x_wconf 89' lang='lat' dir='ltr'>dictum</span> <span class='ocrx_word' id='word_1_76' title='bbox 586 1256 625 1320; x_wconf 91' lang='lat' dir='ltr'>de</span> <span class='ocrx_word' id='word_1_77' title='bbox 641 1255 707 1320; x_wconf 90' lang='lat' dir='ltr'>illis</span> <span class='ocrx_word' id='word_1_78' title='bbox 721 1256 868 1340; x_wconf 91' lang='lat' dir='ltr'>pluribus</span> <span class='ocrx_word' id='word_1_79' title='bbox 884 1278 904 1320; x_wconf 89' lang='lat' dir='ltr'>a</span> <span class='ocrx_word' id='word_1_80' title='bbox 918 1254 1047 1320; x_wconf 85' lang='lat' dir='ltr'>Loewio</span> <span class='ocrx_word' id='word_1_81' title='bbox 1064 1251 1180 1338; x_wconf 88' lang='lat' dir='ltr'>Opusc.</span> <span class='ocrx_word' id='word_1_82' title='bbox 1195 1274 1250 1338; x_wconf 86' lang='lat' dir='ltr'>pg.</span> <span class='ocrx_word' id='word_1_83' title='bbox 1263 1253 1327 1318; x_wconf 85' lang='lat'>233</span> <span class='ocrx_word' id='word_1_84' title='bbox 1338 1274 1421 1337; x_wconf 82' lang='lat' dir='ltr'>sqq.;</span> 
     </span>
     <span class='ocr_line' id='line_1_10' title="bbox 163 1359 510 1447; baseline 0.009 -23"><span class='ocrx_word' id='word_1_85' title='bbox 163 1359 337 1427; x_wconf 90' lang='lat' dir='ltr'>Prodromi</span> <span class='ocrx_word' id='word_1_86' title='bbox 362 1363 426 1427; x_wconf 71' lang='lat'>170</span> <span class='ocrx_word' id='word_1_87' title='bbox 440 1384 510 1447; x_wconf 86' lang='lat' dir='ltr'>sqq.</span> 
     </span>
    </p>

    <p class='ocr_par' dir='ltr' id='par_1_3' title="bbox 163 1465 1422 1980">
     <span class='ocr_line' id='line_1_11' title="bbox 255 1465 1421 1552; baseline -0.002 -19"><span class='ocrx_word' id='word_1_88' title='bbox 255 1466 364 1533; x_wconf 80' lang='lat' dir='ltr'>Codex</span> <span class='ocrx_word' id='word_1_89' title='bbox 392 1471 442 1532; x_wconf 87' lang='lat' dir='ltr'>est</span> <span class='ocrx_word' id='word_1_90' title='bbox 468 1466 539 1531; x_wconf 88' lang='lat' dir='ltr'>Lat</span> <span class='ocrx_word' id='word_1_91' title='bbox 563 1467 648 1532; x_wconf 92' lang='lat' dir='ltr'>Bibl.</span> <span class='ocrx_word' id='word_1_92' title='bbox 673 1467 764 1534; x_wconf 88' lang='lat' dir='ltr'>Publ.</span> <span class='ocrx_word' id='word_1_93' title='bbox 787 1469 828 1533; x_wconf 81' lang='grc'>67</span> <span class='ocrx_word' id='word_1_94' title='bbox 849 1467 889 1552; x_wconf 84' lang='lat' dir='ltr'>F,</span> <span class='ocrx_word' id='word_1_95' title='bbox 914 1468 993 1532; x_wconf 91' lang='lat' dir='ltr'>olim</span> <span class='ocrx_word' id='word_1_96' title='bbox 1016 1465 1240 1549; x_wconf 87' lang='lat' dir='ltr'>Krohuiauus,</span> <span class='ocrx_word' id='word_1_97' title='bbox 1262 1466 1421 1531; x_wconf 91' lang='lat' dir='ltr'>membra-</span> 
     </span>
     <span class='ocr_line' id='line_1_12' title="bbox 164 1571 1421 1659; baseline -0.003 -19"><span class='ocrx_word' id='word_1_98' title='bbox 164 1597 286 1640; x_wconf 89' lang='lat' dir='ltr'>naceus</span> <span class='ocrx_word' id='word_1_99' title='bbox 301 1574 422 1640; x_wconf 89' lang='lat' dir='ltr'>saeculi</span> <span class='ocrx_word' id='word_1_100' title='bbox 436 1578 472 1640; x_wconf 88' lang='lat' dir='ltr'>ut</span> <span class='ocrx_word' id='word_1_101' title='bbox 486 1573 747 1659; x_wconf 82' lang='lat' dir='ltr'>Zangemeisterc</span> <span class='ocrx_word' id='word_1_102' title='bbox 763 1575 867 1639; x_wconf 84' lang='lat' dir='ltr'>visum</span> <span class='ocrx_word' id='word_1_103' title='bbox 882 1572 964 1639; x_wconf 88' lang='lat' dir='ltr'><strong>VIII</strong></span> <span class='ocrx_word' id='word_1_104' title='bbox 979 1573 1029 1637; x_wconf 86' lang='lat' dir='ltr'>vel</span> <span class='ocrx_word' id='word_1_105' title='bbox 1043 1572 1099 1637; x_wconf 90' lang='lat' dir='ltr'>IX.</span> <span class='ocrx_word' id='word_1_106' title='bbox 1130 1571 1242 1637; x_wconf 89' lang='lat' dir='ltr'>Habet</span> <span class='ocrx_word' id='word_1_107' title='bbox 1256 1573 1421 1636; x_wconf 88' lang='lat' dir='ltr'>columnas</span> 
     </span>
     <span class='ocr_line' id='line_1_13' title="bbox 163 1679 1421 1767; baseline -0.002 -21"><span class='ocrx_word' id='word_1_108' title='bbox 163 1686 340 1767; x_wconf 87' lang='lat' dir='ltr'>quaternas</span> <span class='ocrx_word' id='word_1_109' title='bbox 367 1702 518 1747; x_wconf 82' lang='lat' dir='ltr'>versuum</span> <span class='ocrx_word' id='word_1_110' title='bbox 547 1681 643 1745; x_wconf 91' lang='lat' dir='ltr'>modo</span> <span class='ocrx_word' id='word_1_111' title='bbox 670 1679 883 1764; x_wconf 89' lang='lat' dir='ltr'>tricenorum,</span> <span class='ocrx_word' id='word_1_112' title='bbox 910 1679 1007 1746; x_wconf 91' lang='lat' dir='ltr'>modo</span> <span class='ocrx_word' id='word_1_113' title='bbox 1036 1701 1099 1744; x_wconf 92' lang='lat' dir='ltr'>uno</span> <span class='ocrx_word' id='word_1_114' title='bbox 1129 1681 1180 1745; x_wconf 86' lang='lat' dir='ltr'>vel</span> <span class='ocrx_word' id='word_1_115' title='bbox 1204 1680 1328 1745; x_wconf 90' lang='lat' dir='ltr'>duobus</span> <span class='ocrx_word' id='word_1_116' title='bbox 1352 1681 1421 1764; x_wconf 91' lang='lat' dir='ltr'>plu-</span> 
     </span>
     <span class='ocr_line' id='line_1_14' title="bbox 163 1785 1422 1874; baseline -0.002 -21"><span class='ocrx_word' id='word_1_117' title='bbox 163 1789 251 1853; x_wconf 90' lang='lat' dir='ltr'>rium</span> <span class='ocrx_word' id='word_1_118' title='bbox 271 1785 326 1874; x_wconf 88' lang='lat' dir='ltr'>(cf.</span> <span class='ocrx_word' id='word_1_119' title='bbox 344 1785 469 1854; x_wconf 85' lang='lat' dir='ltr'>Loewii</span> <span class='ocrx_word' id='word_1_120' title='bbox 483 1787 648 1853; x_wconf 89' lang='lat' dir='ltr'>Prodrom.</span> <span class='ocrx_word' id='word_1_121' title='bbox 662 1807 716 1872; x_wconf 88' lang='lat' dir='ltr'>pg.</span> <span class='ocrx_word' id='word_1_122' title='bbox 732 1788 819 1873; x_wconf 79' lang='lat'>170).</span> <span class='ocrx_word' id='word_1_123' title='bbox 858 1787 1063 1871; x_wconf 87' lang='lat' dir='ltr'>Descriptum</span> <span class='ocrx_word' id='word_1_124' title='bbox 1082 1808 1121 1851; x_wconf 87' lang='lat' dir='ltr'>ex</span> <span class='ocrx_word' id='word_1_125' title='bbox 1141 1808 1179 1851; x_wconf 92' lang='lat' dir='ltr'>eo</span> <span class='ocrx_word' id='word_1_126' title='bbox 1200 1810 1265 1872; x_wconf 86' lang='lat' dir='ltr'>qua</span> <span class='ocrx_word' id='word_1_127' title='bbox 1284 1787 1422 1871; x_wconf 90' lang='lat' dir='ltr'>insignis</span> 
     </span>
     <span class='ocr_line' id='line_1_15' title="bbox 163 1893 1096 1980; baseline -0.001 -20"><span class='ocrx_word' id='word_1_128' title='bbox 163 1898 218 1960; x_wconf 87' lang='lat' dir='ltr'>est</span> <span class='ocrx_word' id='word_1_129' title='bbox 240 1916 317 1960; x_wconf 89' lang='lat' dir='ltr'>cura</span> <span class='ocrx_word' id='word_1_130' title='bbox 340 1895 504 1980; x_wconf 90' lang='lat' dir='ltr'>exemplar</span> <span class='ocrx_word' id='word_1_131' title='bbox 527 1893 662 1959; x_wconf 84' lang='lat' dir='ltr'>donavit</span> <span class='ocrx_word' id='word_1_132' title='bbox 683 1895 780 1959; x_wconf 92' lang='lat' dir='ltr'>nobis</span> <span class='ocrx_word' id='word_1_133' title='bbox 805 1893 1096 1980; x_wconf 86' lang='lat' dir='ltr'>Zangemeisterus.</span> 
     </span>
    </p>

    <p class='ocr_par' dir='ltr' id='par_1_4' title="bbox 163 1999 1424 2726">
     <span class='ocr_line' id='line_1_16' title="bbox 255 1999 1422 2086; baseline -0.001 -21"><span class='ocrx_word' id='word_1_134' title='bbox 255 2001 389 2067; x_wconf 88' lang='lat' dir='ltr'>Praeter</span> <span class='ocrx_word' id='word_1_135' title='bbox 416 2001 482 2066; x_wconf 89' lang='lat' dir='ltr'>alia</span> <span class='ocrx_word' id='word_1_136' title='bbox 510 2001 654 2086; x_wconf 88' lang='lat' dir='ltr'>glosaria</span> <span class='ocrx_word' id='word_1_137' title='bbox 682 2001 786 2065; x_wconf 89' lang='lat' dir='ltr'>multa</span> <span class='ocrx_word' id='word_1_138' title='bbox 813 2001 1021 2066; x_wconf 87' lang='lat' dir='ltr'>continentur</span> <span class='ocrx_word' id='word_1_139' title='bbox 1048 2023 1085 2066; x_wconf 89' lang='lat' dir='ltr'>eo</span> <span class='ocrx_word' id='word_1_140' title='bbox 1111 2024 1129 2065; x_wconf 86' lang='lat' dir='ltr'>a</span> <span class='ocrx_word' id='word_1_141' title='bbox 1151 1999 1208 2065; x_wconf 85' lang='lat' dir='ltr'>fol.</span> <span class='ocrx_word' id='word_1_142' title='bbox 1234 2001 1297 2066; x_wconf 84' lang='lat'>142</span> <span class='ocrx_word' id='word_1_143' title='bbox 1321 2022 1422 2085; x_wconf 92' lang='lat' dir='ltr'>usque</span> 
     </span>
     <span class='ocr_line' id='line_1_17' title="bbox 165 2106 1424 2192; baseline -0.002 -20"><span class='ocrx_word' id='word_1_144' title='bbox 165 2107 207 2172; x_wconf 85' lang='lat' dir='ltr'>ad</span> <span class='ocrx_word' id='word_1_145' title='bbox 232 2107 297 2173; x_wconf 90' lang='grc'>148</span> <span class='ocrx_word' id='word_1_146' title='bbox 326 2112 479 2191; x_wconf 85' lang='lat' dir='ltr'>excerpta</span> <span class='ocrx_word' id='word_1_147' title='bbox 506 2106 676 2172; x_wconf 45' lang='lat' dir='ltr'>ex‘Nonio</span> <span class='ocrx_word' id='word_1_148' title='bbox 704 2108 814 2191; x_wconf 89' lang='lat' dir='ltr'>capita</span> <span class='ocrx_word' id='word_1_149' title='bbox 842 2107 914 2173; x_wconf 88' lang='lat' dir='ltr'>duo.</span> <span class='ocrx_word' id='word_1_150' title='bbox 958 2107 1011 2173; x_wconf 82' lang='lat' dir='ltr'>Ex</span> <span class='ocrx_word' id='word_1_151' title='bbox 1040 2108 1157 2192; x_wconf 91' lang='lat' dir='ltr'>quibus</span> <span class='ocrx_word' id='word_1_152' title='bbox 1185 2109 1274 2191; x_wconf 90' lang='lat' dir='ltr'>prius</span> <span class='ocrx_word' id='word_1_153' title='bbox 1304 2107 1351 2171; x_wconf 89' lang='lat' dir='ltr'>ita</span> <span class='ocrx_word' id='word_1_154' title='bbox 1374 2109 1424 2171; x_wconf 89' lang='lat' dir='ltr'>est</span> 
     </span>
     <span class='ocr_line' id='line_1_18' title="bbox 164 2209 1423 2301; baseline -0.001 -22"><span class='ocrx_word' id='word_1_155' title='bbox 164 2214 376 2298; x_wconf 87' lang='lat' dir='ltr'>inscriptum:</span> <span class='ocrx_word' id='word_1_156' title='bbox 407 2213 577 2297; x_wconf 63' lang='lat' dir='ltr'>‘lambiunt</span> <span class='ocrx_word' id='word_1_157' title='bbox 601 2214 705 2297; x_wconf 68' lang='lat' dir='ltr'>prosas</span> <span class='ocrx_word' id='word_1_158' title='bbox 731 2215 835 2298; x_wconf 76' lang='lat' dir='ltr'>Apelli</span> <span class='ocrx_word' id='word_1_159' title='bbox 865 2220 894 2279; x_wconf 80' lang='lat' dir='ltr'>et</span> <span class='ocrx_word' id='word_1_160' title='bbox 919 2212 1082 2280; x_wconf 82' lang='lat' dir='ltr'>Marcelli&#39;</span> <span class='ocrx_word' id='word_1_161' title='bbox 1113 2211 1193 2301; x_wconf 92' lang='lat' dir='ltr'>(non</span> <span class='ocrx_word' id='word_1_162' title='bbox 1221 2209 1423 2299; x_wconf 72' lang='lat' dir='ltr'>‘Martellc&#39;’),</span> 
     </span>
     <span class='ocr_line' id='line_1_19' title="bbox 164 2319 1420 2406; baseline -0.002 -19"><span class='ocrx_word' id='word_1_163' title='bbox 164 2321 352 2405; x_wconf 86' lang='lat' dir='ltr'>secundum,</span> <span class='ocrx_word' id='word_1_164' title='bbox 374 2321 459 2406; x_wconf 90' lang='lat' dir='ltr'>quod</span> <span class='ocrx_word' id='word_1_165' title='bbox 479 2340 531 2405; x_wconf 91' lang='lat' dir='ltr'>pg.</span> <span class='ocrx_word' id='word_1_166' title='bbox 553 2320 614 2383; x_wconf 77' lang='lat'>147</span> <span class='ocrx_word' id='word_1_167' title='bbox 639 2320 767 2404; x_wconf 81' lang='lat' dir='ltr'>incipit:</span> <span class='ocrx_word' id='word_1_168' title='bbox 791 2320 879 2386; x_wconf 77' lang='lat' dir='ltr'>‘item</span> <span class='ocrx_word' id='word_1_169' title='bbox 901 2319 1009 2386; x_wconf 80' lang='lat' dir='ltr'>alius&#39;.</span> <span class='ocrx_word' id='word_1_170' title='bbox 1027 2357 1071 2367; x_wconf 91' lang='lat'>-</span> <span class='ocrx_word' id='word_1_171' title='bbox 1091 2321 1186 2385; x_wconf 89' lang='lat' dir='ltr'>Alter</span> <span class='ocrx_word' id='word_1_172' title='bbox 1208 2321 1324 2385; x_wconf 89' lang='lat' dir='ltr'>titulus</span> <span class='ocrx_word' id='word_1_173' title='bbox 1347 2321 1420 2385; x_wconf 90' lang='lat' dir='ltr'>ideo</span> 
     </span>
     <span class='ocr_line' id='line_1_20' title="bbox 163 2425 1420 2512; baseline -0.002 -19"><span class='ocrx_word' id='word_1_174' title='bbox 163 2428 337 2509; x_wconf 88' lang='lat' dir='ltr'>notabilis,</span> <span class='ocrx_word' id='word_1_175' title='bbox 369 2425 456 2512; x_wconf 88' lang='lat' dir='ltr'>quod</span> <span class='ocrx_word' id='word_1_176' title='bbox 488 2431 624 2510; x_wconf 89' lang='lat' dir='ltr'>apparet</span> <span class='ocrx_word' id='word_1_177' title='bbox 656 2450 694 2492; x_wconf 84' lang='lat' dir='ltr'>ex</span> <span class='ocrx_word' id='word_1_178' title='bbox 726 2451 764 2493; x_wconf 90' lang='lat' dir='ltr'>eo</span> <span class='ocrx_word' id='word_1_179' title='bbox 796 2451 836 2493; x_wconf 88' lang='lat' dir='ltr'>ne</span> <span class='ocrx_word' id='word_1_180' title='bbox 869 2427 967 2494; x_wconf 92' lang='lat' dir='ltr'>medii</span> <span class='ocrx_word' id='word_1_181' title='bbox 1002 2427 1131 2512; x_wconf 89' lang='lat' dir='ltr'>quidem</span> <span class='ocrx_word' id='word_1_182' title='bbox 1160 2429 1230 2493; x_wconf 82' lang='lat' dir='ltr'>aevi</span> <span class='ocrx_word' id='word_1_183' title='bbox 1258 2428 1420 2493; x_wconf 88' lang='lat' dir='ltr'>litteratos</span> 
     </span>
     <span class='ocr_line' id='line_1_21' title="bbox 163 2531 1419 2620; baseline -0.003 -20"><span class='ocrx_word' id='word_1_184' title='bbox 163 2533 316 2617; x_wconf 90' lang='lat' dir='ltr'>latuisse,</span> <span class='ocrx_word' id='word_1_185' title='bbox 350 2555 446 2618; x_wconf 87' lang='lat' dir='ltr'>quam</span> <span class='ocrx_word' id='word_1_186' title='bbox 474 2533 578 2597; x_wconf 90' lang='lat' dir='ltr'>multa</span> <span class='ocrx_word' id='word_1_187' title='bbox 606 2531 731 2605; x_wconf 89' lang='lat' dir='ltr'>Nonius</span> <span class='ocrx_word' id='word_1_188' title='bbox 760 2536 934 2619; x_wconf 83' lang='lat' dir='ltr'>sumpserit</span> <span class='ocrx_word' id='word_1_189' title='bbox 962 2556 1000 2599; x_wconf 86' lang='lat' dir='ltr'>ex</span> <span class='ocrx_word' id='word_1_190' title='bbox 1030 2534 1147 2601; x_wconf 84' lang='lat' dir='ltr'>Gellio.</span> <span class='ocrx_word' id='word_1_191' title='bbox 1192 2534 1305 2620; x_wconf 87' lang='lat' dir='ltr'>Neque</span> <span class='ocrx_word' id='word_1_192' title='bbox 1334 2533 1419 2597; x_wconf 90' lang='lat' dir='ltr'>enim</span> 
     </span>
     <span class='ocr_line' id='line_1_22' title="bbox 163 2640 1358 2726; baseline -0.001 -20"><span class='ocrx_word' id='word_1_193' title='bbox 163 2641 251 2706; x_wconf 90' lang='lat' dir='ltr'>ullae</span> <span class='ocrx_word' id='word_1_194' title='bbox 274 2641 370 2705; x_wconf 90' lang='lat' dir='ltr'>huius</span> <span class='ocrx_word' id='word_1_195' title='bbox 394 2641 504 2726; x_wconf 91' lang='lat' dir='ltr'>gloeae</span> <span class='ocrx_word' id='word_1_196' title='bbox 528 2640 736 2706; x_wconf 85' lang='lat' dir='ltr'>continentur</span> <span class='ocrx_word' id='word_1_197' title='bbox 758 2641 791 2706; x_wconf 91' lang='lat' dir='ltr'>in</span> <span class='ocrx_word' id='word_1_198' title='bbox 816 2642 934 2725; x_wconf 89' lang='lat' dir='ltr'>codiee,</span> <span class='ocrx_word' id='word_1_199' title='bbox 956 2641 1020 2706; x_wconf 90' lang='lat' dir='ltr'>nisi</span> <span class='ocrx_word' id='word_1_200' title='bbox 1045 2664 1124 2726; x_wconf 89' lang='lat' dir='ltr'>quas</span> <span class='ocrx_word' id='word_1_201' title='bbox 1149 2642 1272 2725; x_wconf 91' lang='lat' dir='ltr'>recepit</span> <span class='ocrx_word' id='word_1_202' title='bbox 1295 2641 1358 2707; x_wconf 87' lang='lat' dir='ltr'>ille.</span> 
     </span>
    </p>

    <p class='ocr_par' dir='ltr' id='par_1_5' title="bbox 162 2746 1421 3473">
     <span class='ocr_line' id='line_1_23' title="bbox 253 2746 1420 2833; baseline 0.002 -21"><span class='ocrx_word' id='word_1_203' title='bbox 253 2746 300 2812; x_wconf 77' lang='lat' dir='ltr'>ut</span> <span class='ocrx_word' id='word_1_204' title='bbox 318 2746 418 2831; x_wconf 89' lang='lat' dir='ltr'>priori</span> <span class='ocrx_word' id='word_1_205' title='bbox 437 2746 566 2831; x_wconf 90' lang='lat' dir='ltr'>quidem</span> <span class='ocrx_word' id='word_1_206' title='bbox 584 2748 671 2832; x_wconf 90' lang='lat' dir='ltr'>parti</span> <span class='ocrx_word' id='word_1_207' title='bbox 690 2748 802 2813; x_wconf 91' lang='lat' dir='ltr'>insunt</span> <span class='ocrx_word' id='word_1_208' title='bbox 820 2751 972 2832; x_wconf 87' lang='lat' dir='ltr'>excerpta</span> <span class='ocrx_word' id='word_1_209' title='bbox 991 2770 1030 2813; x_wconf 84' lang='lat' dir='ltr'>ex</span> <span class='ocrx_word' id='word_1_210' title='bbox 1049 2747 1148 2813; x_wconf 91' lang='lat' dir='ltr'>Nonii</span> <span class='ocrx_word' id='word_1_211' title='bbox 1163 2770 1232 2831; x_wconf 90' lang='lat' dir='ltr'>cap.</span> <span class='ocrx_word' id='word_1_212' title='bbox 1246 2747 1289 2832; x_wconf 92' lang='lat' dir='ltr'>II,</span> <span class='ocrx_word' id='word_1_213' title='bbox 1304 2748 1420 2833; x_wconf 90' lang='lat' dir='ltr'>quibus</span> 
     </span>
     <span class='ocr_line' id='line_1_24' title="bbox 164 2853 1419 2941; baseline -0.002 -21"><span class='ocrx_word' id='word_1_214' title='bbox 164 2853 323 2920; x_wconf 89' lang='lat' dir='ltr'>accedunt</span> <span class='ocrx_word' id='word_1_215' title='bbox 351 2854 508 2938; x_wconf 88' lang='lat' dir='ltr'>quaedam</span> <span class='ocrx_word' id='word_1_216' title='bbox 539 2875 582 2918; x_wconf 84' lang='lat' dir='ltr'>ex.</span> <span class='ocrx_word' id='word_1_217' title='bbox 600 2853 677 2919; x_wconf 93' lang='lat' dir='ltr'>XIX</span> <span class='ocrx_word' id='word_1_218' title='bbox 706 2854 805 2939; x_wconf 87' lang='lat' dir='ltr'>(quod</span> <span class='ocrx_word' id='word_1_219' title='bbox 833 2857 932 2941; x_wconf 81' lang='lat' dir='ltr'>vulgo</span> <span class='ocrx_word' id='word_1_220' title='bbox 955 2854 1047 2920; x_wconf 86' lang='lat' dir='ltr'>audit</span> <span class='ocrx_word' id='word_1_221' title='bbox 1069 2854 1213 2940; x_wconf 82' lang='lat' dir='ltr'>XVIII),</span> <span class='ocrx_word' id='word_1_222' title='bbox 1240 2857 1317 2919; x_wconf 92' lang='lat' dir='ltr'>item</span> <span class='ocrx_word' id='word_1_223' title='bbox 1341 2876 1419 2919; x_wconf 91' lang='lat' dir='ltr'>nou-</span> 
     </span>
     <span class='ocr_line' id='line_1_25' title="bbox 162 2959 1420 3048; baseline -0.001 -21"><span class='ocrx_word' id='word_1_224' title='bbox 162 2961 257 3027; x_wconf 87' lang='lat' dir='ltr'>nulle</span> <span class='ocrx_word' id='word_1_225' title='bbox 271 2982 310 3025; x_wconf 84' lang='lat' dir='ltr'>ex</span> <span class='ocrx_word' id='word_1_226' title='bbox 323 2959 353 3045; x_wconf 84' lang='lat'>13</span> <span class='ocrx_word' id='word_1_227' title='bbox 367 2960 463 3026; x_wconf 85' lang='lat' dir='ltr'>alteri</span> <span class='ocrx_word' id='word_1_228' title='bbox 477 2959 542 3025; x_wconf 84' lang='lat' dir='ltr'>exI</span> <span class='ocrx_word' id='word_1_229' title='bbox 556 2961 660 3045; x_wconf 85' lang='lat' dir='ltr'>petita</span> <span class='ocrx_word' id='word_1_230' title='bbox 676 2961 795 3026; x_wconf 88' lang='lat' dir='ltr'>additis</span> <span class='ocrx_word' id='word_1_231' title='bbox 809 2962 890 3026; x_wconf 93' lang='lat' dir='ltr'>illis:</span> <span class='ocrx_word' id='word_1_232' title='bbox 905 2984 923 3026; x_wconf 92' lang='lat' dir='ltr'>a</span> <span class='ocrx_word' id='word_1_233' title='bbox 938 2962 1108 3047; x_wconf 83' lang='lat' dir='ltr'>tegendo</span> <span class='ocrx_word' id='word_1_234' title='bbox 1123 2959 1198 3048; x_wconf 89' lang='lat' dir='ltr'>(cd.:</span> <span class='ocrx_word' id='word_1_235' title='bbox 1213 2960 1420 3047; x_wconf 85' lang='lat' dir='ltr'>abegerdo)</span> 
     </span>
     <span class='ocr_line' id='line_1_26' title="bbox 163 3066 1420 3154; baseline 0.001 -22"><span class='ocrx_word' id='word_1_236' title='bbox 163 3073 274 3154; x_wconf 81' lang='lat' dir='ltr'>toga3</span> <span class='ocrx_word' id='word_1_237' title='bbox 307 3070 424 3133; x_wconf 87' lang='lat' dir='ltr'>tenax</span> <span class='ocrx_word' id='word_1_238' title='bbox 451 3089 603 3152; x_wconf 90' lang='lat' dir='ltr'>parcus,</span> <span class='ocrx_word' id='word_1_239' title='bbox 631 3091 712 3153; x_wconf 92' lang='lat' dir='ltr'>quae</span> <span class='ocrx_word' id='word_1_240' title='bbox 740 3090 779 3132; x_wconf 85' lang='lat' dir='ltr'>ex</span> <span class='ocrx_word' id='word_1_241' title='bbox 808 3091 875 3153; x_wconf 89' lang='lat' dir='ltr'>cap.</span> <span class='ocrx_word' id='word_1_242' title='bbox 903 3066 951 3133; x_wconf 89' lang='lat' dir='ltr'>IV</span> <span class='ocrx_word' id='word_1_243' title='bbox 979 3069 1063 3132; x_wconf 88' lang='lat' dir='ltr'>male</span> <span class='ocrx_word' id='word_1_244' title='bbox 1090 3068 1154 3134; x_wconf 90' lang='lat' dir='ltr'>hue</span> <span class='ocrx_word' id='word_1_245' title='bbox 1181 3071 1278 3133; x_wconf 91' lang='lat' dir='ltr'>utin</span> <span class='ocrx_word' id='word_1_246' title='bbox 1306 3069 1420 3133; x_wconf 89' lang='lat' dir='ltr'>ceteris</span> 
     </span>
     <span class='ocr_line' id='line_1_27' title="bbox 165 3173 1421 3262; baseline 0.001 -23"><span class='ocrx_word' id='word_1_247' title='bbox 165 3173 267 3240; x_wconf 92' lang='lat' dir='ltr'>Nonii</span> <span class='ocrx_word' id='word_1_248' title='bbox 296 3175 390 3240; x_wconf 89' lang='lat' dir='ltr'>libris</span> <span class='ocrx_word' id='word_1_249' title='bbox 417 3174 592 3259; x_wconf 89' lang='lat' dir='ltr'>translate,</span> <span class='ocrx_word' id='word_1_250' title='bbox 623 3182 655 3241; x_wconf 89' lang='lat' dir='ltr'>et</span> <span class='ocrx_word' id='word_1_251' title='bbox 678 3199 788 3260; x_wconf 90' lang='lat' dir='ltr'>porro:</span> <span class='ocrx_word' id='word_1_252' title='bbox 818 3176 895 3241; x_wconf 89' lang='lat' dir='ltr'>atri</span> <span class='ocrx_word' id='word_1_253' title='bbox 920 3174 1090 3262; x_wconf 84' lang='lat' dir='ltr'>(adterat</span> <span class='ocrx_word' id='word_1_254' title='bbox 1113 3175 1156 3261; x_wconf 85' lang='lat' dir='ltr'>v.)</span> <span class='ocrx_word' id='word_1_255' title='bbox 1180 3175 1324 3260; x_wconf 73' lang='lat' dir='ltr'>miseri,</span> <span class='ocrx_word' id='word_1_256' title='bbox 1355 3198 1421 3240; x_wconf 89' lang='lat' dir='ltr'>ara</span> 
     </span>
     <span class='ocr_line' id='line_1_28' title="bbox 162 3278 1419 3368; baseline 0.002 -22"><span class='ocrx_word' id='word_1_257' title='bbox 162 3281 268 3368; x_wconf 88' lang='lat' dir='ltr'>(arta</span> <span class='ocrx_word' id='word_1_258' title='bbox 291 3278 336 3367; x_wconf 87' lang='lat' dir='ltr'>v.)</span> <span class='ocrx_word' id='word_1_259' title='bbox 366 3303 569 3365; x_wconf 91' lang='lat' dir='ltr'>porcorum</span> <span class='ocrx_word' id='word_1_260' title='bbox 596 3283 808 3367; x_wconf 90' lang='lat' dir='ltr'>stabulum,</span> <span class='ocrx_word' id='word_1_261' title='bbox 837 3304 918 3368; x_wconf 90' lang='lat' dir='ltr'>quae</span> <span class='ocrx_word' id='word_1_262' title='bbox 947 3306 985 3348; x_wconf 87' lang='lat' dir='ltr'>ex</span> <span class='ocrx_word' id='word_1_263' title='bbox 1009 3282 1050 3347; x_wconf 87' lang='lat' dir='ltr'>II.</span> <span class='ocrx_word' id='word_1_264' title='bbox 1074 3319 1114 3330; x_wconf 91' lang='lat'>—</span> <span class='ocrx_word' id='word_1_265' title='bbox 1140 3283 1317 3367; x_wconf 84' lang='lat' dir='ltr'>Alphabeti</span> <span class='ocrx_word' id='word_1_266' title='bbox 1341 3282 1419 3348; x_wconf 90' lang='lat' dir='ltr'>ordo</span> 
     </span>
     <span class='ocr_line' id='line_1_29' title="bbox 164 3391 658 3473; baseline 0 -19"><span class='ocrx_word' id='word_1_267' title='bbox 164 3391 201 3455; x_wconf 92' lang='lat' dir='ltr'>in</span> <span class='ocrx_word' id='word_1_268' title='bbox 225 3397 362 3473; x_wconf 89' lang='lat' dir='ltr'>utraque</span> <span class='ocrx_word' id='word_1_269' title='bbox 386 3391 477 3473; x_wconf 88' lang='lat' dir='ltr'>parte</span> <span class='ocrx_word' id='word_1_270' title='bbox 501 3391 658 3454; x_wconf 87' lang='lat' dir='ltr'>servatus.</span> 
     </span>
    </p>

    <p class='ocr_par' dir='ltr' id='par_1_6' title="bbox 163 3494 1420 4116">
     <span class='ocr_line' id='line_1_30' title="bbox 260 3494 1420 3581; baseline 0 -22"><span class='ocrx_word' id='word_1_271' title='bbox 260 3494 380 3561; x_wconf 83' lang='lat' dir='ltr'>Gloeee</span> <span class='ocrx_word' id='word_1_272' title='bbox 411 3517 476 3559; x_wconf 90' lang='lat' dir='ltr'>nou</span> <span class='ocrx_word' id='word_1_273' title='bbox 509 3501 678 3580; x_wconf 87' lang='lat' dir='ltr'>excerptae</span> <span class='ocrx_word' id='word_1_274' title='bbox 711 3517 750 3561; x_wconf 84' lang='lat' dir='ltr'>ex</span> <span class='ocrx_word' id='word_1_275' title='bbox 778 3495 901 3580; x_wconf 90' lang='lat' dir='ltr'>Nonio,</span> <span class='ocrx_word' id='word_1_276' title='bbox 933 3496 1002 3580; x_wconf 91' lang='lat' dir='ltr'>sed,</span> <span class='ocrx_word' id='word_1_277' title='bbox 1035 3499 1071 3559; x_wconf 88' lang='lat' dir='ltr'>ut</span> <span class='ocrx_word' id='word_1_278' title='bbox 1103 3518 1200 3579; x_wconf 88' lang='lat' dir='ltr'>supra</span> <span class='ocrx_word' id='word_1_279' title='bbox 1233 3496 1420 3581; x_wconf 87' lang='lat' dir='ltr'>memoravi,</span> 
     </span>
     <span class='ocr_line' id='line_1_31' title="bbox 163 3601 1420 3687; baseline -0.001 -19"><span class='ocrx_word' id='word_1_280' title='bbox 163 3602 386 3686; x_wconf 84' lang='lat' dir='ltr'>transcriptae</span> <span class='ocrx_word' id='word_1_281' title='bbox 409 3624 447 3666; x_wconf 85' lang='lat' dir='ltr'>ex</span> <span class='ocrx_word' id='word_1_282' title='bbox 471 3601 641 3666; x_wconf 88' lang='lat' dir='ltr'>deterioris</span> <span class='ocrx_word' id='word_1_283' title='bbox 664 3603 808 3668; x_wconf 86' lang='lat' dir='ltr'>familiae</span> <span class='ocrx_word' id='word_1_284' title='bbox 832 3601 942 3669; x_wconf 92' lang='lat' dir='ltr'>codice</span> <span class='ocrx_word' id='word_1_285' title='bbox 966 3603 1146 3685; x_wconf 82' lang='lat' dir='ltr'>etquidem</span> <span class='ocrx_word' id='word_1_286' title='bbox 1166 3603 1420 3687; x_wconf 89' lang='lat' dir='ltr'>corruptissimo,</span> 
     </span>
     <span class='ocr_line' id='line_1_32' title="bbox 164 3696 1419 3796; baseline -0.002 -21"><span class='ocrx_word' id='word_1_287' title='bbox 164 3731 364 3796; x_wconf 89' lang='lat' dir='ltr'>quamquam</span> <span class='ocrx_word' id='word_1_288' title='bbox 391 3709 549 3794; x_wconf 90' lang='lat' dir='ltr'>quaedam</span> <span class='ocrx_word' id='word_1_289' title='bbox 577 3713 713 3793; x_wconf 89' lang='lat' dir='ltr'>propter</span> <span class='ocrx_word' id='word_1_290' title='bbox 741 3696 936 3776; x_wconf 85' lang='lat' dir='ltr'>vetustatem</span> <span class='ocrx_word' id='word_1_291' title='bbox 965 3709 1080 3774; x_wconf 90' lang='lat' dir='ltr'>melius</span> <span class='ocrx_word' id='word_1_292' title='bbox 1108 3711 1141 3775; x_wconf 94' lang='lat' dir='ltr'>in</span> <span class='ocrx_word' id='word_1_293' title='bbox 1170 3733 1208 3775; x_wconf 95' lang='lat' dir='ltr'>ec</span> <span class='ocrx_word' id='word_1_294' title='bbox 1237 3713 1330 3775; x_wconf 90' lang='lat' dir='ltr'>erant</span> <span class='ocrx_word' id='word_1_295' title='bbox 1352 3710 1419 3774; x_wconf 90' lang='lat' dir='ltr'>red·</span> 
     </span>
     <span class='ocr_line' id='line_1_33' title="bbox 165 3815 1418 3902; baseline 0.001 -21"><span class='ocrx_word' id='word_1_296' title='bbox 165 3817 236 3881; x_wconf 90' lang='lat' dir='ltr'>dita</span> <span class='ocrx_word' id='word_1_297' title='bbox 273 3838 371 3900; x_wconf 86' lang='lat' dir='ltr'>quam</span> <span class='ocrx_word' id='word_1_298' title='bbox 406 3817 440 3881; x_wconf 92' lang='lat' dir='ltr'>iu</span> <span class='ocrx_word' id='word_1_299' title='bbox 477 3815 601 3880; x_wconf 87' lang='lat' dir='ltr'>ceteris.</span> <span class='ocrx_word' id='word_1_300' title='bbox 638 3853 674 3862; x_wconf 93' lang='lat'><em>-</em></span> <span class='ocrx_word' id='word_1_301' title='bbox 713 3816 839 3882; x_wconf 88' lang='lat' dir='ltr'>Docent</span> <span class='ocrx_word' id='word_1_302' title='bbox 875 3838 998 3883; x_wconf 87' lang='lat' dir='ltr'>errores</span> <span class='ocrx_word' id='word_1_303' title='bbox 1030 3818 1160 3902; x_wconf 90' lang='lat' dir='ltr'>plurimi</span> <span class='ocrx_word' id='word_1_304' title='bbox 1192 3821 1225 3881; x_wconf 88' lang='lat' dir='ltr'>et</span> <span class='ocrx_word' id='word_1_305' title='bbox 1257 3817 1418 3882; x_wconf 89' lang='lat' dir='ltr'>interdum</span> 
     </span>
     <span class='ocr_line' id='line_1_34' title="bbox 163 3922 1418 4010; baseline -0.001 -22"><span class='ocrx_word' id='word_1_306' title='bbox 163 3923 363 4008; x_wconf 87' lang='lat' dir='ltr'>gravissimi,</span> <span class='ocrx_word' id='word_1_307' title='bbox 387 3927 424 3987; x_wconf 92' lang='lat' dir='ltr'>ut</span> <span class='ocrx_word' id='word_1_308' title='bbox 445 3922 532 3988; x_wconf 90' lang='lat' dir='ltr'>haud</span> <span class='ocrx_word' id='word_1_309' title='bbox 557 3945 631 3988; x_wconf 90' lang='lat' dir='ltr'>raro</span> <span class='ocrx_word' id='word_1_310' title='bbox 657 3923 788 3989; x_wconf 83' lang='lat' dir='ltr'>difficile</span> <span class='ocrx_word' id='word_1_311' title='bbox 811 3926 855 3990; x_wconf 88' lang='lat' dir='ltr'>sit</span> <span class='ocrx_word' id='word_1_312' title='bbox 872 3925 979 4010; x_wconf 89' lang='lat' dir='ltr'>ipsum</span> <span class='ocrx_word' id='word_1_313' title='bbox 999 3925 1152 4008; x_wconf 89' lang='lat' dir='ltr'>indagare</span> <span class='ocrx_word' id='word_1_314' title='bbox 1172 3924 1292 3988; x_wconf 86' lang='lat' dir='ltr'>lemma</span> <span class='ocrx_word' id='word_1_315' title='bbox 1310 3923 1418 3988; x_wconf 91' lang='lat' dir='ltr'>Nonii.</span> 
     </span>
     <span class='ocr_line' id='line_1_35' title="bbox 163 4028 1207 4116; baseline 0 -21"><span class='ocrx_word' id='word_1_316' title='bbox 163 4028 261 4095; x_wconf 84' lang='lat' dir='ltr'>Nova</span> <span class='ocrx_word' id='word_1_317' title='bbox 285 4034 392 4094; x_wconf 88' lang='lat' dir='ltr'>autem</span> <span class='ocrx_word' id='word_1_318' title='bbox 416 4029 526 4096; x_wconf 87' lang='lat' dir='ltr'>addita</span> <span class='ocrx_word' id='word_1_319' title='bbox 549 4029 629 4094; x_wconf 85' lang='lat' dir='ltr'>vitia</span> <span class='ocrx_word' id='word_1_320' title='bbox 652 4031 776 4096; x_wconf 89' lang='lat' dir='ltr'>incuria</span> <span class='ocrx_word' id='word_1_321' title='bbox 800 4032 1049 4116; x_wconf 89' lang='lat' dir='ltr'>ignorantiaque</span> <span class='ocrx_word' id='word_1_322' title='bbox 1074 4032 1207 4095; x_wconf 85' lang='lat' dir='ltr'>librarii.</span> 
     </span>
    </p>

    <p class='ocr_par' dir='ltr' id='par_1_7' title="bbox 162 4134 1418 4418">
     <span class='ocr_line' id='line_1_36' title="bbox 256 4134 1416 4224; baseline 0.003 -25"><span class='ocrx_word' id='word_1_323' title='bbox 256 4134 463 4202; x_wconf 90' lang='lat' dir='ltr'>Simillimum</span> <span class='ocrx_word' id='word_1_324' title='bbox 482 4137 584 4202; x_wconf 91' lang='lat' dir='ltr'>fuisse</span> <span class='ocrx_word' id='word_1_325' title='bbox 603 4137 722 4202; x_wconf 92' lang='lat' dir='ltr'>librum</span> <span class='ocrx_word' id='word_1_326' title='bbox 736 4136 846 4221; x_wconf 91' lang='lat' dir='ltr'>Nonii,</span> <span class='ocrx_word' id='word_1_327' title='bbox 865 4138 950 4202; x_wconf 91' lang='lat' dir='ltr'>unde</span> <span class='ocrx_word' id='word_1_328' title='bbox 969 4138 1066 4203; x_wconf 92' lang='lat' dir='ltr'>ducta</span> <span class='ocrx_word' id='word_1_329' title='bbox 1085 4139 1237 4224; x_wconf 87' lang='lat' dir='ltr'>glosaria,</span> <span class='ocrx_word' id='word_1_330' title='bbox 1258 4140 1297 4222; x_wconf 94' lang='lat' dir='ltr'>ei,</span> <span class='ocrx_word' id='word_1_331' title='bbox 1316 4161 1335 4202; x_wconf 88' lang='lat' dir='ltr'>a</span> <span class='ocrx_word' id='word_1_332' title='bbox 1354 4161 1416 4222; x_wconf 90' lang='lat' dir='ltr'>quo</span> 
     </span>
     <span class='ocr_line' id='line_1_37' title="bbox 162 4242 1418 4328; baseline 0.001 -20"><span class='ocrx_word' id='word_1_333' title='bbox 162 4242 357 4328; x_wconf 90' lang='lat' dir='ltr'>repetendus</span> <span class='ocrx_word' id='word_1_334' title='bbox 381 4242 646 4328; x_wconf 82' lang='lat' dir='ltr'>Bambergeneis,</span> <span class='ocrx_word' id='word_1_335' title='bbox 675 4250 707 4308; x_wconf 89' lang='lat' dir='ltr'>et</span> <span class='ocrx_word' id='word_1_336' title='bbox 735 4243 977 4328; x_wconf 84' lang='lat' dir='ltr'>dittographiae</span> <span class='ocrx_word' id='word_1_337' title='bbox 1005 4244 1162 4326; x_wconf 89' lang='lat' dir='ltr'>quaedam</span> <span class='ocrx_word' id='word_1_338' title='bbox 1188 4245 1305 4309; x_wconf 88' lang='lat' dir='ltr'>docent</span> <span class='ocrx_word' id='word_1_339' title='bbox 1334 4268 1418 4310; x_wconf 92' lang='lat' dir='ltr'>ccm-</span> 
     </span>
     <span class='ocr_line' id='line_1_38' title="bbox 163 4348 1417 4418; baseline 0.003 -4"><span class='ocrx_word' id='word_1_340' title='bbox 163 4370 279 4414; x_wconf 92' lang='lat' dir='ltr'>munes</span> <span class='ocrx_word' id='word_1_341' title='bbox 299 4354 332 4413; x_wconf 92' lang='lat' dir='ltr'>et</span> <span class='ocrx_word' id='word_1_342' title='bbox 350 4348 569 4416; x_wconf 81' lang='lat' dir='ltr'>aCdiversae</span> <span class='ocrx_word' id='word_1_343' title='bbox 587 4372 647 4414; x_wconf 91' lang='lat' dir='ltr'>nec</span> <span class='ocrx_word' id='word_1_344' title='bbox 666 4350 772 4415; x_wconf 88' lang='lat' dir='ltr'>minue</span> <span class='ocrx_word' id='word_1_345' title='bbox 793 4351 914 4415; x_wconf 90' lang='lat' dir='ltr'>omissa</span> <span class='ocrx_word' id='word_1_346' title='bbox 931 4348 1106 4415; x_wconf 88' lang='lat' dir='ltr'>identidem</span> <span class='ocrx_word' id='word_1_347' title='bbox 1126 4353 1280 4417; x_wconf 90' lang='lat' dir='ltr'>lemmata</span> <span class='ocrx_word' id='word_1_348' title='bbox 1296 4352 1417 4418; x_wconf 84' lang='lat' dir='ltr'>eedem.</span> 
     </span>
    </p>

    <p class='ocr_par' dir='ltr' id='par_1_8' title="bbox 160 4454 1417 4866">
     <span class='ocr_line' id='line_1_39' title="bbox 254 4454 1417 4544; baseline 0.002 -22"><span class='ocrx_word' id='word_1_349' title='bbox 254 4454 405 4522; x_wconf 82' lang='lat' dir='ltr'>Ceterum</span> <span class='ocrx_word' id='word_1_350' title='bbox 429 4458 557 4522; x_wconf 90' lang='lat' dir='ltr'>easdem</span> <span class='ocrx_word' id='word_1_351' title='bbox 581 4457 633 4522; x_wconf 85' lang='lat' dir='ltr'>vel</span> <span class='ocrx_word' id='word_1_352' title='bbox 657 4457 840 4521; x_wconf 89' lang='lat' dir='ltr'>simillimas</span> <span class='ocrx_word' id='word_1_353' title='bbox 864 4457 975 4543; x_wconf 86' lang='lat' dir='ltr'>glosas</span> <span class='ocrx_word' id='word_1_354' title='bbox 999 4458 1032 4521; x_wconf 93' lang='lat' dir='ltr'>in</span> <span class='ocrx_word' id='word_1_355' title='bbox 1056 4458 1182 4543; x_wconf 86' lang='lat' dir='ltr'>sylloge</span> <span class='ocrx_word' id='word_1_356' title='bbox 1202 4459 1417 4544; x_wconf 81' lang='lat' dir='ltr'>glosariorum</span> 
     </span>
     <span class='ocr_line' id='line_1_40' title="bbox 162 4562 1415 4656; baseline 0.002 -27"><span class='ocrx_word' id='word_1_357' title='bbox 162 4563 362 4648; x_wconf 88' lang='lat' dir='ltr'>Monacensi,</span> <span class='ocrx_word' id='word_1_358' title='bbox 385 4563 424 4628; x_wconf 90' lang='lat' dir='ltr'>de</span> <span class='ocrx_word' id='word_1_359' title='bbox 448 4585 510 4647; x_wconf 89' lang='lat' dir='ltr'>qua</span> <span class='ocrx_word' id='word_1_360' title='bbox 529 4563 651 4628; x_wconf 90' lang='lat' dir='ltr'>dietum</span> <span class='ocrx_word' id='word_1_361' title='bbox 671 4568 721 4627; x_wconf 87' lang='lat' dir='ltr'>est</span> <span class='ocrx_word' id='word_1_362' title='bbox 740 4562 859 4628; x_wconf 80' lang='lat' dir='ltr'>Indicis</span> <span class='ocrx_word' id='word_1_363' title='bbox 878 4563 949 4628; x_wconf 83' lang='lat' dir='ltr'>lect</span> <span class='ocrx_word' id='word_1_364' title='bbox 969 4565 1165 4628; x_wconf 86' lang='lat' dir='ltr'>aestivarum</span> <span class='ocrx_word' id='word_1_365' title='bbox 1184 4564 1367 4656; x_wconf 86' lang='lat' dir='ltr'>lenensium</span> <span class='ocrx_word' id='word_1_366' title='bbox 1389 4591 1415 4631; x_wconf 90' lang='lat' dir='ltr'>a.</span> 
     </span>
     <span class='ocr_line' id='line_1_41' title="bbox 164 4668 1416 4758; baseline 0.001 -21"><span class='ocrx_word' id='word_1_367' title='bbox 164 4671 263 4754; x_wconf 84' lang='lat'>1885,</span> <span class='ocrx_word' id='word_1_368' title='bbox 286 4669 424 4735; x_wconf 85' lang='lat' dir='ltr'>inveniri</span> <span class='ocrx_word' id='word_1_369' title='bbox 447 4670 578 4735; x_wconf 74' lang='lat' dir='ltr'>eductura</span> <span class='ocrx_word' id='word_1_370' title='bbox 602 4692 674 4735; x_wconf 90' lang='lat' dir='ltr'>sum</span> <span class='ocrx_word' id='word_1_371' title='bbox 691 4693 713 4734; x_wconf 89' lang='lat' dir='ltr'>a</span> <span class='ocrx_word' id='word_1_372' title='bbox 731 4669 874 4735; x_wconf 84' lang='lat' dir='ltr'>Goetzio.</span> <span class='ocrx_word' id='word_1_373' title='bbox 911 4668 1013 4746; x_wconf 81' lang='lat' dir='ltr'>Quem</span> <span class='ocrx_word' id='word_1_374' title='bbox 1032 4693 1201 4755; x_wconf 87' lang='lat' dir='ltr'>speramus</span> <span class='ocrx_word' id='word_1_375' title='bbox 1220 4671 1254 4734; x_wconf 91' lang='lat' dir='ltr'>in</span> <span class='ocrx_word' id='word_1_376' title='bbox 1274 4670 1416 4758; x_wconf 83' lang='lat' dir='ltr'>Corpore</span> 
     </span>
     <span class='ocr_line' id='line_1_42' title="bbox 160 4775 1414 4866; baseline 0.002 -23"><span class='ocrx_word' id='word_1_377' title='bbox 160 4778 398 4866; x_wconf 75' lang='lat' dir='ltr'>glossariorum,</span> <span class='ocrx_word' id='word_1_378' title='bbox 425 4777 511 4862; x_wconf 92' lang='lat' dir='ltr'>quod</span> <span class='ocrx_word' id='word_1_379' title='bbox 540 4778 687 4861; x_wconf 91' lang='lat' dir='ltr'>molitur,</span> <span class='ocrx_word' id='word_1_380' title='bbox 715 4778 813 4841; x_wconf 86' lang='lat' dir='ltr'>etiam</span> <span class='ocrx_word' id='word_1_381' title='bbox 837 4775 1107 4862; x_wconf 82' lang='lat' dir='ltr'>Lugdunensibus</span> <span class='ocrx_word' id='word_1_382' title='bbox 1135 4779 1284 4843; x_wconf 88' lang='lat' dir='ltr'>daturum</span> <span class='ocrx_word' id='word_1_383' title='bbox 1309 4779 1414 4845; x_wconf 90' lang='lat' dir='ltr'>locum</span> 
     </span>
    </p>
   </div>
   <div class='ocr_carea' id='block_1_3' title="bbox 0 0 1586 5326">
    <p class='ocr_par' dir='ltr' id='par_1_9' title="bbox 0 0 1586 5326">
     <span class='ocr_line' id='line_1_43' title="bbox 0 0 1586 5326; baseline 0 0"><span class='ocrx_word' id='word_1_384' title='bbox 0 0 1586 5326; x_wconf 95' lang='lat' dir='ltr'> </span> 
     </span>
    </p>
   </div>
  </div>
 </body>
</html>
