3164 5326
314 374 363 428 ΒΕ
382 373 660 440 INSBQVENTIVM
680 374 929 431 SAEGVLORVM
948 393 971 430 e.
992 395 1019 445 q.
1039 396 1060 431 a.
1255 378 1317 443 261

519 540 592 603 Iun.
618 540 649 603 T
661 541 731 623 ryfo

551 668 582 711 ιι.
606 645 713 712 &aaa

578 759 739 836 protector

507 862 649 926 doruiur'c.
662 862 721 943 lcqi

489 989 516 1049 q.
539 989 607 1031 aum
630 969 688 1033 dd.
712 990 742 1032 ιι.
766 989 795 1032 ιι.

486 1075 600 1138 Arcad.
623 1075 774 1139 etHorror

532 1183 648 1263 arr-inqu
660 1183 704 1246 ies
725 1184 801 1247 coras

565 1293 672 1371 prout
688 1310 731 1370 po

533 1398 580 1460 tui
598 1397 674 1461 siue
696 1416 749 1460 raa

552 1504 785 1586 patrocimtarrs

532 1617 648 1676 arcuata
657 1611 697 1673 oi.
719 1630 802 1674 ariao

540 1773 649 1837 aetatis
660 1729 781 1835 Xdef’
793 1777 822 1836 et
844 1772 888 1835 rra'

524 1878 609 1942 litiae
630 1839 748 1963 unorto

532 1987 567 2049 iu
590 1965 718 2073 ciuitate
743 1986 862 2051 Tolosa.

151 2142 191 2206 ln
214 2142 266 2207 his
289 2143 421 2208 dextrae
441 2146 543 2228 partis
564 2146 704 2230 secundi,
728 2145 841 2231 quinti,
864 2146 1057 2230 paenultimi
1078 2168 1190 2210 versus
1209 2146 1314 2229 prima

59 2272 207 2334 quaeque
233 2251 345 2315 littera
371 2273 436 2315 non
465 2258 593 2316 servata
620 2254 762 2336 integra3
796 2256 831 2317 at
858 2274 940 2337 quae
968 2254 1000 2316 in
1029 2253 1164 2317 sinistra
1192 2251 1314 2334 scripta

58 2363 138 2421 sunt
170 2358 276 2423 acciso
309 2359 386 2424 olim
419 2382 439 2423 a
471 2346 669 2443 glutin'atore
703 2361 783 2424 folio
816 2360 996 2443 intercepta
1031 2364 1063 2423 ot
1096 2359 1247 2442 suppleta
1274 2381 1313 2423 ex

59 2464 199 2529 Relandi
223 2464 363 2530 fastibus
382 2467 608 2532 consularibus
628 2468 688 2532 sub
709 2491 794 2532 anno
814 2491 843 2532 u.
855 2470 889 2532 e.
911 2468 998 2532 1154
1018 2465 1086 2530 sive
1105 2491 1135 2551 p.
1150 2463 1225 2529 Chr.
1239 2466 1314 2530 402.

58 2570 91 2635 Is
119 2571 142 2635 f.
170 2572 274 2655 traxit
300 2594 338 2636 cx
360 2570 401 2635 N.
425 2572 554 2638 Heinsii
581 2575 722 2658 schedis3
750 2576 840 2640 errius
864 2575 950 2639 vitae
974 2594 1026 2658 pg.
1051 2574 1094 2637 20
1117 2572 1313 2656 subscriptio

58 2700 112 2763 ca,
141 2700 225 2762 quae
252 2679 287 2742 in
315 2679 379 2742 fine
404 2679 508 2745 Persii
531 2681 651 2764 addita,
674 2682 813 2745 refertur
836 2704 856 2745 a
878 2680 1075 2745 Burmanno.
1122 2680 1229 2763 Atque
1253 2680 1314 2744 hac

61 2808 139 2850 usus
164 2784 276 2850 lanius
305 2789 449 2851 actorum
479 2809 542 2852 soc.
570 2789 653 2852 doct.
678 2787 856 2853 Saxonioae
880 2810 907 2853 a
934 2788 1017 2853 1851
1041 2811 1072 2871 p.
1095 2785 1147 2850 ΙΙΙ
1170 2807 1225 2870 pg.
1248 2787 1313 2850 334

59 2892 108 2957 ita
130 2892 349 2977 probabiliter
370 2894 515 2958 restituit
538 2896 691 2960 alteram:

149 2999 256 3064 Iudico
280 3000 493 3084 Tryfoniauus
515 3002 651 3067 Sabinus
675 3008 824 3084 protector
851 3005 1029 3068 donrestiorrs
1057 3004 1116 3086 leot
1139 3023 1242 3066 arecon
1265 3002 1314 3066 dd.

58 3128 110 3172 nn.
131 3107 271 3173 Arcadio
289 3113 317 3172 et
330 3108 472 3173 Honorio
490 3112 632 3191 accinatur
651 3111 831 3176 canoaldus.
863 3115 960 3193 prout
972 3111 1063 3192 potui
1081 3111 1148 3174 siue
1165 3110 1314 3191 mapistro

58 3214 225 3279 mamacas
247 3215 393 3279 adnotavi
414 3237 498 3280 anrro
520 3219 631 3281 aetatis
650 3219 799 3282 tricesimo
817 3224 846 3283 et
863 3219 995 3282 militiae
1012 3222 1121 3299 qrrarto
1139 3218 1174 3280 ιἰι
1192 3217 1313 3280 ciuitate

61 3321 182 3387 Tolosa.

23 3456 33 3471 ¹
149 3430 200 3493 Ac
219 3427 408 3494 Duebnerus
432 3431 560 3514 quidem
581 3432 744 3496 dubitavit
762 3455 801 3496 an
822 3433 983 3498 recentior
1002 3435 1089 3495 esset
1108 3429 1313 3512 subscriptio,

57 3536 185 3603 Contra
215 3535 398 3601 Momsenus
416 3542 513 3617 ‘certo
542 3539 641 3603 vidcri
672 3544 831 3604 vetustam
861 3541 922 3604 sibi
951 3539 1044 3621 dixit3
1073 3537 1169 3621 idque
1198 3538 1312 3601 confir·

55 3649 170 3709 matur
198 3644 373 3728 exemplari
403 3644 488 3728 quod
518 3645 601 3730 apud
626 3645 753 3709 Ionium
782 3647 803 3712 l.
828 3670 868 3710 m.
896 3646 986 3730 typis
1010 3667 1210 3729 expressum,
1239 3667 1311 3708 cum

54 3774 123 3839 quo
154 3750 251 3835 plane
279 3752 432 3834 congruit
458 3753 685 3815 transmissum
714 3752 754 3815 ad
781 3774 842 3817 nos
871 3776 890 3817 a
919 3752 1082 3817 Gordono.
1128 3750 1213 3815 Nam
1238 3750 1313 3827 Qui-

51 3861 213 3925 oberatos
236 3857 275 3922 de
297 3858 356 3922 illa
380 3858 462 3922 silet.
500 3859 653 3923 Eiusdem
677 3841 777 3944 igitur
802 3864 897 3944 atque
922 3862 1025 3944 ipsius
1043 3859 1143 3925 Nonii
1163 3859 1245 3924 liber
1264 3863 1314 3924 est

50 3965 189 4034 aetatis.
425 3952 432 3965 '

144 4072 218 4138 Iam
252 4095 323 4137 cum
356 4073 390 4136 in
424 4073 493 4136 solo
526 4072 610 4137 libro
644 4073 931 4157 Montcpossulano
965 4072 1078 4156 Nonii,
1115 4074 1200 4158 quod
1233 4073 1313 4136 mibi

43 4183 201 4263 constet,
232 4178 290 4242 illa
322 4179 389 4245 sint
420 4180 619 4263 subscripta,
651 4203 810 4264 nusquam
841 4181 935 4263 alibi;
969 4203 1104 4264 cumque
1133 4204 1171 4245 ex
1201 4181 1312 4245 eodem

43 4296 156 4376 atque
180 4292 306 4352 ceteros
326 4287 501 4372 archetypo
523 4309 594 4350 cum
615 4287 785 4351 deductum
807 4291 840 4351 at
858 4309 984 4351 summa
1003 4288 1178 4351 lectionum
1199 4309 1314 4370 aequa-

41 4396 202 4479 bilitate,
235 4417 299 4479 qua
332 4396 482 4459 convenit
515 4396 544 4459 ei
578 4417 649 4459 cum
685 4395 812 4478 ceteris,
846 4395 1085 4460 demonstretur
1117 4416 1176 4458 nco
1205 4395 1312 4458 minus

40 4528 86 4573 oa
123 4526 161 4568 re
196 4502 280 4587 quod
315 4502 469 4587 paginam
503 4503 619 4584 capitis
647 4501 694 4566 IV
728 4524 823 4565 unam
854 4504 886 4566 in
916 4503 977 4566 boc
1006 4502 1126 4585 pariter
1154 4505 1250 4584 atquc
1280 4502 1313 4565 iu

40 4611 209 4679 omnibus
243 4614 319 4693 post
347 4609 383 4690 3,
412 4611 452 4674 13
481 4610 623 4693 positam
651 4613 814 4673 testantur
842 4609 981 4674 editores
1010 4609 1223 4688 Basilienses,
1257 4613 1313 4672 aut

43 4716 267 4787 statuendum
309 4714 580 4800 subscriptionem
618 4717 650 4779 in
688 4717 821 4799 reliquis
858 4717 1023 4782 codicibus
1060 4740 1136 4782 casu
1174 4716 1312 4801 quodam

41 4828 229 4905 omissam,
257 4822 290 4887 id
321 4821 407 4906 quod
437 4824 489 4887 vix
518 4821 644 4886 videtur
672 4823 854 4906 probabile,
883 4830 940 4889 aut
968 4848 1005 4888 ex
1034 4824 1118 4888 libro
1143 4824 1313 4888 emendato
