3164 5326
543 354 592 410 DE
610 353 812 411 DOCTORVM
830 354 1018 412 INDAGINE.
1046 355 1106 411 ΧΠ.
1382 355 1444 420 171

1301 447 1347 488 818.
1363 447 1403 488 bib
1416 446 1449 488 M.

197 518 318 584 Rerum
341 517 561 583 Romanarum
585 518 642 583 lib.
665 517 696 584 I:
724 523 758 584 et
784 519 881 585 simul
907 518 1061 584 videbant
1085 520 1194 604 picum
1217 518 1380 585 Martium.
1404 557 1446 568 —

195 624 283 690 idem
306 624 392 691 luris
419 625 578 711 pontificii
606 625 662 692 lib.
686 625 749 692 III:
778 626 929 692 Pilumno
957 631 990 691 et
1018 625 1183 694 Picumno.
1208 663 1249 675 -
1274 625 1378 693 Varro
1407 627 1446 692 de

196 732 267 797 vita
294 733 406 818 populi
429 732 569 798 Romani
592 733 650 799 lib.
673 733 736 799 III:
764 733 798 800 P.
822 734 934 799 Aelius
958 732 1077 800 Paetus
1106 756 1179 800 cum
1208 738 1294 800 esset
1315 737 1447 819 praetor

196 838 339 904 urbanus
363 843 397 904 et
419 840 534 905 sedens
556 839 592 905 iu
615 840 695 904 sella
713 839 816 904 curuli
834 840 885 905 ius
905 840 1026 906 diceret
1044 840 1176 926 populo,
1198 841 1290 927 picus
1310 840 1446 908 Martius

144 957 177 1006 ιο
198 946 365 1011 advolavit
388 947 492 1033 adque
514 947 549 1011 in
572 947 678 1031 capite
701 946 769 1012 eius
793 946 927 1011 adsedit.
952 942 967 1035 ΙΙ

159 1065 175 1112 1
288 1051 444 1118 Veterum
468 1053 690 1119 memorabilis
713 1053 849 1119 scientis
866 1070 1054 1120 Psvcoavss
1076 1077 1246 1120 numerum
1269 1077 1329 1140 pro
1352 1056 1448 1121 bonis

196 1160 352 1247 ponebat3
371 1179 511 1228 avaros
530 1165 644 1228 contra
663 1161 768 1226 malos
788 1160 1008 1246 appellebant
1040 1161 1210 1228 Terentius
1226 1162 1259 1226 in
1273 1160 1446 1229 Eunucho:

355 1282 380 1339 si
398 1284 582 1353 quisquamst,
601 1280 650 1354 qui
668 1281 781 1353 placito
800 1299 830 1337 se
848 1281 962 1338 studeat
979 1282 1060 1339 bonis

358 1379 443 1431 qnam
462 1364 599 1434 plurimis.

154 1483 175 1532 ⁶
286 1481 405 1548 Accius
428 1483 543 1549 Tereo:

355 1604 438 1661 rideo
457 1607 510 1675 ego
528 1607 565 1673 te,
584 1605 693 1674 mulier,
711 1607 789 1660 more
808 1606 958 1660 multarum
977 1604 1060 1674 ider,

355 1687 388 1739 nt
403 1687 460 1739 mm
480 1685 633 1741 contendas
651 1688 729 1741 tuam
747 1686 785 1742 iad
803 1684 980 1742 maiestatem
999 1685 1060 1749 ¹viri

284 1922 318 1971 37
343 1917 446 1973 Fabius
468 1917 565 1973 Pictor
586 1917 657 1973 luris
680 1916 819 1988 pontificii
843 1918 895 1986 111,
919 1917 954 1972 ct.
978 1933 1078 1974 comm.
1101 1921 1110 1987 i
1132 1918 1222 1974 Varro
1246 1919 1281 1974 ds
1304 1919 1364 1974 vita
1381 1937 1446 1989 pop.

192 1996 276 2052 Rom.
295 1996 334 2050 111
348 2000 387 2067 fla
406 1999 477 2068 prol.
498 2006 510 2053 1
527 2000 567 2068 bb
585 1997 687 2054 Accius
706 1999 802 2055 Tereo.

191 2137 408 2146 —---.——

284 2231 322 2286 88
345 2233 448 2287 Rerum
470 2233 659 2287 Romanarum
682 2232 843 2302 M51erum
868 2231 927 2302 H,;
949 2248 1041 2286 rerum
1062 2234 1204 2301 gestarum
1222 2232 1280 2287 reli,
1300 2263 1333 2274 -
1353 2249 1446 2288 rerum
1560 2269 1562 2274 .

190 2311 366 2368 naturalium
389 2314 457 2367 mire
480 2314 548 2369 Iun.
569 2313 700 2368 —Fabii
728 2311 851 2366 Annales
868 2313 906 2376 (si
923 2314 994 2367 idem
1012 2314 1069 2367 sint
1086 2312 1270 2380 inteliependi)
1290 2314 1359 2368 dicit
1379 2313 1447 2369 Geli.

195 2392 233 2462 V,
251 2398 279 2458 4,
297 2399 322 2448 1.
343 2424 376 2434 —
396 2391 532 2447 Marcium
550 2393 602 2463 H,.
622 2422 656 2432 —
675 2390 821 2459 Martium
845 2393 877 2447 de
902 2392 1010 2448 Fausto
1029 2393 1146 2461 aliisque
1160 2393 1320 2461 pastoribus
1338 2396 1448 2463 opiter,-

191 2475 232 2541 cf.
251 2491 342 2530 comm
369 2474 494 2528 Ibsionis
511 2474 549 2528 ad
567 2474 642 2528 Serv.
662 2475 693 2528 in
711 2473 780 2528 Aen.
799 2474 828 2539 1,
845 2477 909 2528 273.
929 2504 962 2513 -
981 2472 1017 2527 ar
1036 2472 1111 2526 idem
1131 2471 1199 2526 inris
1218 2472 1357 2542 pontificii
1375 2474 1447 2528 libro

191 2555 281 2609 tertio
301 2555 399 2623 Bent.;
421 2550 495 2607 idem
513 2552 562 2608 lib.
586 2553 599 2605 l
620 2555 667 2620 (as.
692 2571 716 2608 r.
740 2557 789 2619 36)
813 2553 870 2606 uris
894 2551 1021 2624 pontifex
1042 2551 1092 2607 lib.
1111 2551 1150 2605 Ill
1174 2552 1366 2624 (111113amo.)
1386 2555 1446 2609 edd.

190 2635 255 2703 (lib.
280 2633 293 2688 I
316 2651 367 2689 orn.
391 2635 509 2688 414-
531 2633 600 2688 iuris
623 2635 663 2688 ed.
688 2653 714 2688 a.
739 2637 822 2701 1480)
850 2635 911 2689 edd.
931 2664 965 2674 -
979 2635 1067 2703 possit
1089 2649 1192 2687 manem
1216 2635 1293 2689 baud
1315 2636 1448 2690 immerito

190 2716 377 2783 suspicionem
400 2713 503 2767 aliatus
525 2714 551 2769 b.
575 2714 593 2768 t.
618 2715 730 2779 titulus,
757 2730 817 2767 cuni
840 2732 858 2768 a
876 2713 970 2768 Nonio
992 2715 1157 2783 scriptorum
1175 2714 1301 2782 Aupusto
1320 2714 1448 2781 priorum

189 2799 304 2866 praeter
324 2793 476 2851 Ciceronem
499 2800 524 2848 et
545 2792 672 2848 Catonum
695 2796 743 2848 aia
766 2794 915 2862 qumquam
932 2794 1016 2848 scine
1034 2795 1141 2860 adferri
1157 2794 1216 2847 nisi
1232 2794 1362 2848 historias
1379 2794 1449 2848 aiibi

190 2875 366 2930 declararim.
387 2905 419 2915 -
439 2877 474 2942 cf.
502 2891 594 2931 comm.
623 2876 655 2927 in
680 2878 749 2940 259,
775 2879 808 2938 3;
831 2877 900 2940 346,
924 2877 977 2941 24,
999 2878 1067 2941 354,
1092 2879 1118 2929 6.
1139 2875 1237 2929 —sed
1264 2875 1448 2943 reputandum

191 2955 321 3011 Nonium
338 2955 403 3010 inde
421 2974 440 3009 a
457 2956 546 3023 capite
566 2955 632 3008 VII
646 2971 726 3008 usum
743 2954 868 3019 sontibus
882 2955 967 3022 plane
984 2957 1063 3009 nonis
1081 2955 1246 3023 diversisque
1264 2973 1282 3008 a
1297 2954 1446 3022 prioribus.

192 3066 228 3076 -—
244 3051 309 3089 nam
327 3041 352 3090 et
368 3052 414 3104 pp.
430 3039 483 3090 544
496 3052 517 3089 s.
533 3037 549 3090 i.
569 3035 716 3105 polybrum
736 3035 807 3088 idem
825 3035 933 3088 uidetur
950 3036 1044 3088 notari
1062 3051 1147 3104 opus;
1165 3035 1213 3088 ubi
1231 3034 1292 3087 uide
1306 3050 1398 3090 comm.
1415 3064 1445 3074 —

190 3121 292 3171 eontra
323 3131 380 3169 non
410 3131 519 3184 possum
547 3116 683 3169 adsentiri
710 3113 791 3167 Petro
818 3115 856 3168 ad
882 3115 929 3167 bos
957 3115 1041 3168 libros
1067 3115 1196 3180 referenti
1222 3130 1292 3182 quae
1320 3114 1448 3181 iepuntur

186 3213 238 3266 pp.
264 3199 324 3251 223
341 3211 363 3250 s.
382 3197 400 3250 i.
424 3193 505 3259 salis,
528 3195 578 3249 ubi
599 3200 650 3248 est:
678 3193 707 3247 in
731 3194 931 3248 commentario
954 3194 1043 3248 veteri
1066 3194 1135 3249 Fabi
1160 3194 1292 3259 Pictoris;
1316 3209 1381 3246 nam
1404 3194 1446 3247 ibi

189 3277 283 3345 anapia
304 3275 447 3344 probabile
473 3276 696 3330 commentarium
723 3275 755 3327 in
778 3272 865 3327 Fabii
890 3273 1010 3329 Pictoris
1036 3276 1078 3329 cel
1106 3275 1190 3328 libros
1214 3276 1286 3328 iuris
1306 3273 1445 3341 pontificii

189 3356 236 3411 vei
259 3356 389 3409 historias
411 3355 565 3424 sipnifieari
588 3355 656 3407 miii
678 3355 784 3422 quidem
807 3354 928 3418 sidetem
951 3355 986 3420 cs.
1010 3355 1043 3409 de
1067 3356 1085 3407 i.
1109 3355 1156 3407 tat.
1182 3354 1260 3418 VII,
1283 3357 1319 3407 39
1342 3354 1391 3407 ubi
1414 3355 1446 3408 de

190 3435 302 3491 Naeuio
330 3437 439 3506 apitur:
466 3453 530 3490 narn
559 3437 589 3489 st
615 3435 643 3488 in
672 3433 781 3488 Corneli
810 3434 1010 3489 commentario
1038 3436 1106 3487 erat.
1148 3433 1220 3486 iliud
1248 3431 1448 3487 commentario

190 3515 265 3572 Fabi
287 3514 408 3570 Pictoris
431 3516 536 3570 dictum
559 3520 590 3569 ut
614 3532 658 3583 ap.
682 3515 791 3569 Sueten.
815 3515 847 3569 de
869 3531 981 3584 mamm.
1006 3530 1064 3583 cap.
1091 3512 1220 3567 XVIII:
1248 3513 1448 3567 commentario

192 3599 333 3665 Zmyrnae
352 3595 437 3652 edito.
457 3627 490 3637 -
506 3613 592 3666 porro
611 3597 775 3650 dubitarunt
793 3595 873 3649 multi
891 3600 984 3649 utrum
1002 3595 1135 3648 librorum
1153 3595 1186 3647 de
1204 3594 1265 3646 iure
1280 3598 1358 3661 pont.
1378 3594 1448 3647 idem

191 3683 262 3732 esset
285 3683 381 3731 auctor
404 3682 485 3746 atque
507 3676 694 3730 historiarum.
716 3706 746 3714 -
767 3675 835 3728 mibi
857 3676 889 3728 in
911 3675 1063 3729 testimonio
1081 3674 1171 3728 Nonii
1189 3674 1365 3742 quantumuis
1384 3674 1449 3729 isvis

191 3758 315 3813 bominis
336 3757 445 3811 ridaur
467 3757 704 3824 accumbendum,
727 3773 787 3810 cum
803 3756 965 3824 praesertim
983 3771 1043 3808 eum
1061 3755 1093 3807 in
1111 3754 1210 3807 ultima
1225 3757 1307 3820 parte
1325 3754 1391 3806 iibri
1408 3754 1450 3808 oet

194 3839 318 3893 maxime
338 3837 434 3906 probis
456 3838 525 3890 satis
548 3841 573 3889 et
596 3838 720 3904 antiquis
741 3837 865 3902 sontibus
886 3853 966 3890 usum
986 3839 1128 3905 appareat.
1149 3865 1181 3872 —
1201 3832 1333 3902 picumno
1353 3835 1450 3903 Bent.;

191 3917 291 3989 picam
315 3918 377 3972 cdd.
398 3947 431 3956 -
450 3915 488 3970 88
513 3915 541 3969 P.
566 3916 662 3970 Aelius
686 3916 794 3983 Vrsin.;
816 3916 907 3985 pelius
930 3917 1006 3980 cdd.;
1029 3913 1136 3985 prolius
1160 3914 1199 3968 ed.
1220 3914 1327 3981 princ.;
1350 3914 1449 3983 pedius

191 4017 220 4054 a.
251 4001 330 4052 1471.
355 4025 388 4036 -
414 3994 508 4049 Aelius
534 3996 598 4062 Me;
624 3998 713 4050 nescio
741 4014 779 4050 an
804 3997 918 4061 rectius,
947 4012 1008 4049 eum
1035 3997 1068 4049 de
1091 3995 1270 4063 praenomine
1296 4010 1353 4047 non
1381 3997 1449 4047 satis

195 4083 308 4134 constet.
323 4108 358 4118 -
373 4078 408 4144 ef.
433 4076 522 4131 Vater.
544 4075 625 4130 urar.
645 4075 678 4141 V,
699 4081 726 4141 6,
745 4081 771 4140 4,
790 4077 867 4144 apud
885 4091 962 4144 quem
976 4091 1143 4144 praenomen
1160 4076 1276 4128 nuttam.
1295 4075 1344 4142 qui
1361 4075 1450 4127 utitur

192 4174 225 4214 eo
241 4156 386 4223 Frontini,
399 4173 468 4226 quae
481 4157 619 4224 feruntur,
639 4156 796 4225 Stratepem.
811 4157 858 4210 lib.
872 4155 894 4208 1
899 4155 922 4206 V
934 4160 1030 4210 auctor
1044 4163 1070 4222 5,
1085 4160 1120 4209 14
1133 4157 1201 4209 dicit
1215 4154 1339 4220 Lucium,
1355 4154 1449 4207 addito

193 4239 330 4309 quosdam
353 4237 461 4292 tradere
482 4237 508 4291 ei
526 4235 636 4303 Laelio,
660 4253 716 4288 non
736 4234 816 4288 Aelio
834 4235 920 4302 fuisse
937 4251 1040 4290 nomen
1060 4237 1106 4290 sed
1124 4237 1159 4302 cs.
1184 4236 1260 4289 Ptin.
1282 4236 1320 4302 X,
1338 4240 1384 4298 13,
1404 4237 1449 4288 20.

193 4349 229 4359 -
248 4318 333 4387 petus
358 4316 393 4384 b;
414 4318 512 4385 pectus
537 4316 632 4369 Bamb.
652 4348 686 4356 —
704 4318 828 4385 praetor;
852 4315 920 4383 Pu,
944 4322 976 4370 ut
1000 4318 1070 4384 oid„
1093 4317 1132 4383 L,
1157 4316 1196 4379 G,
1219 4316 1334 4383 Bamb.‚·
1356 4316 1391 4383 pi
1410 4314 1448 4368 H.

193 4429 229 4439 -
249 4397 287 4452 88
307 4395 429 4452 orbanus
448 4396 483 4464 L,
501 4395 554 4465 H„
573 4394 670 4449 Bamb.
691 4426 723 4434 —
744 4396 865 4449 Marcius
884 4396 936 4466 H,
956 4428 989 4436 —
1009 4396 1047 4450 to
1069 4398 1154 4464 atque
1172 4397 1232 4449 edd.
1248 4413 1292 4464 pr.
1314 4397 1359 4464 1.,.
1379 4426 1412 4436 —
1432 4395 1448 4447 1

193 4478 326 4534 Ceterum
347 4493 428 4530 mem.
449 4475 482 4530 θ.
499 4475 697 4544 -praeponis
716 4475 750 4545 L¹
761 4498 772 4543 ,·
789 4476 920 4544 prebonis
939 4476 1055 4544 Bamb.,·
1073 4494 1139 4546 prae
1158 4475 1240 4529 bonis
1257 4493 1300 4544 pr.
1320 4475 1358 4530 H.
1379 4506 1411 4514 —
1432 4474 1449 4527 2

194 4555 363 4627 appellabat
385 4557 425 4610 ed.
445 4556 537 4624 princ.
557 4585 590 4594 -
615 4571 721 4609 eunuco
740 4573 785 4623 pr.
810 4556 843 4608 L.
862 4586 897 4595 —
921 4556 939 4610 8
964 4571 994 4609 se
1016 4573 1067 4611 om.
1092 4557 1149 4627 H„
1178 4557 1218 4624 G;
1241 4557 1304 4610 item
1323 4573 1367 4623 ap.
1390 4556 1449 4609 Ter.

192 4638 320 4692 Bembin.
349 4641 376 4690 et
398 4636 430 4690 P.
451 4665 485 4675 -
510 4634 642 4689 studebat
666 4636 763 4691 Bamb.
784 4666 817 4677 -
837 4655 864 4690 n.
888 4637 941 4703 N„
969 4653 1047 4706 quem
1074 4642 1190 4706 apparet
1213 4638 1299 4690 Iocum
1326 4637 1385 4690 Ter.
1409 4638 1450 4689 ita

193 4719 330 4787 accepisse
354 4716 435 4786 quasi
457 4715 639 4783 supplendum
662 4721 726 4770 esset
751 4717 788 4770 ad
811 4716 922 4785 placere
944 4716 1043 4786 magis.
1072 4723 1097 4771 et
1117 4717 1243 4772 similiter
1266 4717 1365 4787 ineptit
1389 4715 1450 4771 Eu·

193 4797 337 4870 proptiae.
359 4826 391 4836 -
411 4793 429 4852 b
449 4794 561 4860 Accins3
581 4795 615 4863 cs.
633 4800 698 4861 259,
717 4800 743 4850 7.
762 4825 794 4835 -
815 4795 834 4850 a
853 4811 931 4850 mora
952 4794 985 4852 G.
