3098 5316
562 277 776 334 PRAEFATIO.
1242 276 1294 334 Vll

72 443 228 512 mrissima
259 441 354 506 libris
387 442 458 525 ipse
489 442 581 507 nucis
614 464 725 508 cassae
756 442 860 508 instar
891 445 976 507 esset
1007 441 1147 525 futurus,
1184 442 1217 507 id
1251 443 1293 507 ab

71 551 142 619 enni
164 553 252 633 perte
274 548 489 615 falsissimum
512 552 562 614 est
584 550 865 636 vanissimamque.

143 655 284 739 Namque
313 661 383 721 tam
410 656 492 721 varii
522 677 560 721 ac
587 657 804 722 multiformes
832 657 938 723 fontes
962 661 1052 740 Aunt,
1079 657 1194 741 quibus
1218 681 1293 724 usus

72 764 189 845 Nonius,
216 767 285 826 tam
315 763 453 828 mirifica
480 766 514 827 et
542 762 715 846 singularis
738 763 861 829 indoles
885 765 1002 848 ipsius,
1024 768 1135 830 tantus
1158 762 1294 849 denique

72 891 199 939 nummus
227 871 486 954 corruptelarum
515 870 678 936 codicibus
702 870 770 935 eius
793 877 1004 956 propagatus,
1029 878 1067 937 ut
1089 893 1184 937 nemo
1208 873 1294 956 quis-

72 1000 149 1065 quam
175 977 223 1040 uti
250 977 359 1060 possit
386 977 468 1042 satis
497 975 733 1061 Compendiosa
762 975 918 1042 Doctrina
944 979 1008 1043 nisi
1036 979 1090 1063 qui
1117 979 1293 1045 multorum

71 1106 202 1153 annorum
226 1083 337 1150 studio
361 1088 561 1169 compertam
584 1084 735 1149 habuerit
758 1087 791 1149 et
814 1085 1024 1169 exploratam.

140 1191 174 1256 ln
196 1212 261 1275 qua
284 1190 457 1257 tractanda
481 1213 577 1276 quam
601 1212 696 1275 saepe
720 1195 753 1255 et
776 1213 872 1276 quam
896 1193 1038 1277 graviter
1061 1216 1081 1258 a
1103 1215 1179 1259 vero
1203 1194 1294 1259 aber-

10 1332 12 1337 .
70 1301 155 1366 nunt
179 1298 325 1384 plerique
354 1299 610 1383 fragmentorum
638 1298 792 1382 editores,
821 1299 882 1364 hoe
909 1300 1036 1365 demum
1065 1301 1182 1366 emisso
1210 1301 1293 1366 libro

70 1406 186 1493 patefiet

138 1511 215 1577 hlihi
242 1534 320 1578 vero
349 1512 429 1578 haec
457 1517 554 1597 atque
582 1512 661 1578 talia
686 1514 845 1598 cogitanti
867 1514 902 1578 in
924 1515 1030 1579 varias
1053 1518 1165 1600 partes
1188 1514 1294 1580 diduci

68 1621 183 1686 animus.
225 1619 313 1684 Hinc
341 1619 530 1686 Teubnerus
562 1621 713 1686 omnibus
746 1620 894 1705 precibus
926 1642 1056 1706 rogare,
1089 1625 1125 1686 ut
1151 1621 1228 1687 libri
1256 1622 1294 1686 de

65 1750 94 1792 re
116 1727 243 1792 metrica
270 1731 440 1813 poetarum
469 1727 658 1811 latinorum,
686 1727 776 1793 euius
800 1728 879 1793 olim
903 1730 1066 1793 venissent
1090 1729 1295 1813 exemplaria,

66 1857 166 1900 noram
184 1834 358 1899 editionem
381 1856 536 1918 pararem,
556 1857 650 1919 quem
669 1835 816 1919 equidem
835 1834 955 1900 diutius
969 1834 1120 1901 frustrari
1135 1835 1294 1900 habebam

64 1943 153 2025 ueias3
183 1941 257 2006 hinc
284 1944 336 2006 tot
363 1942 531 2006 doctorum
560 1942 752 2025 eruditione,
783 1942 928 2027 ingenio,
955 1942 1017 2007 fide
1045 1944 1292 2029 conspicuorum

67 2070 183 2114 aceensa
205 2049 237 2113 iu
261 2046 406 2115 Nonium
429 2051 576 2113 nostrum
602 2048 710 2113 studia
734 2049 843 2133 eisque
867 2048 1088 2114 satisfaciendi
1111 2048 1235 2134 cupido.

138 2154 236 2240 Igitur
264 2155 319 2220 diu
346 2156 547 2239 multumque
576 2155 730 2220 meditato
758 2155 891 2220 tandem
919 2156 1044 2240 placuit
1070 2156 1159 2240 prius
1187 2157 1293 2223 emitti

64 2261 148 2327 Nonii
171 2260 289 2327 librum
317 2284 391 2327 cum
416 2261 619 2328 Adversariis
647 2267 680 2327 et
703 2263 874 2346 Apparatu
897 2268 930 2326 et
952 2261 1134 2346 Iudicibus,
1157 2262 1292 2330 adiectis

66 2370 147 2434 etiarn
177 2368 228 2434 hic
260 2368 328 2434 illic
356 2367 619 2451 Commentariis,
651 2373 808 2455 quantum
841 2373 952 2452 posset
983 2369 1051 2435 fieri
1083 2370 1292 2455 brevissimis,

67 2477 163 2562 quibus
197 2499 278 2560 quae
316 2476 455 2541 maxime
487 2476 691 2541 enarratione
723 2475 907 2561 indigerent
938 2476 1174 2560 explicarentur
1205 2500 1290 2544 sum-

66 2584 171 2661 matim,
201 2589 309 2650 cetera
342 2588 452 2649 autem
486 2605 567 2669 quae
601 2583 640 2647 de
669 2581 777 2648 Nonio
807 2583 1025 2648 existimarem
1054 2583 1188 2650 dicenda
1215 2586 1289 2651 aliis

65 2692 230 2777 relinquere.

137 2799 198 2863 lam
231 2821 295 2884 qua
327 2799 380 2864 via
411 2805 445 2863 et
477 2800 603 2864 ratione
636 2800 686 2863 usi
715 2799 816 2863 simus
845 2800 878 2863 in
907 2797 1097 2863 adhibendis
1126 2798 1290 2865 codicibus

64 2906 211 2991 verbisque
239 2908 448 2972 restituendis
471 2907 583 2990 Nonii,
611 2928 707 2992 porro
736 2907 768 2970 in
797 2906 991 2971 coniecturis
1019 2906 1185 2971 doctorum
1216 2930 1290 2991 pro-

63 3013 168 3077 mendis
190 3015 238 3079 vel
263 3014 445 3100 premendis
470 3015 615 3099 aliisque,
639 3037 719 3100 quae
744 3014 784 3079 ad
809 3019 910 3078 artem
935 3013 1109 3097 pertinent,
1132 3036 1204 3078 cum
1223 3016 1288 3100 ple·

62 3120 177 3184 nissime
204 3121 303 3185 simus
333 3122 508 3206 exposituri
535 3120 570 3185 in
594 3119 809 3202 Adversariis,
836 3119 889 3184 hic
918 3121 999 3184 satis
1028 3121 1090 3184 erit
1119 3122 1290 3204 monuisse,

60 3228 120 3290 inde
137 3250 154 3291 a
172 3229 275 3312 capite
294 3229 398 3293 altero
419 3229 586 3314 magisque
602 3251 621 3291 a
635 3232 750 3312 quarto
767 3228 888 3293 omissa
903 3227 1062 3311 quaedam
1079 3249 1117 3292 ex
1132 3229 1289 3294 librorum

58 3335 287 3419 dittographiis,
325 3336 440 3419 quibus
476 3334 570 3400 facile
607 3357 715 3400 carere
752 3358 848 3419 posse
885 3334 1107 3399 existimarem
1144 3336 1289 3402 lectores.

57 3442 154 3506 Veluti
179 3465 243 3508 non
271 3444 391 3528 ubique
419 3444 624 3508 relatum‘de
650 3465 666 3508 e
693 3447 726 3507 et
754 3464 790 3508 ae
817 3442 961 3507 confusis
984 3463 1042 3506 nec
1065 3442 1103 3506 de
1127 3447 1290 3527 praeposi·

57 3550 186 3614 tionibus
209 3551 400 3617 assimilatis
423 3553 473 3617 vel
496 3573 563 3615 non
587 3551 775 3616 assimilatis
799 3551 833 3615 in
859 3551 963 3615 verbis
985 3550 1175 3634 compositis
1195 3549 1290 3637 (quae

56 3656 102 3720 ubi
127 3659 330 3722 inveniuntur
358 3660 518 3744 integrae,
547 3663 633 3723 certe
662 3657 766 3742 prima
791 3657 1017 3743 Lugdunensis
1046 3656 1163 3741 prioris
1192 3680 1289 3722 manu

56 3765 234 3846 scripturam
268 3765 392 3830 adstrui
425 3770 570 3830 nostram
600 3764 704 3852 scito).
751 3765 852 3830 Porro
882 3765 1051 3829 titulorum
1080 3766 1289 3850 quorundam,

56 3875 83 3932 ut
103 3871 360 3957 Amphitryonis,
383 3871 753 3955 Heautontimorumeni,
776 3876 892 3937 Γνῶθι
915 3874 1064 3955 σεαυτόν,
1088 3874 1289 3957 corruptelae

52 3980 179 4043 omissae
211 3986 287 4064 post
314 3987 412 4064 caput
440 3980 465 4046 Ι.
513 3980 663 4046 Ceterum
692 3981 771 4045 haec
799 3989 832 4045 et
859 3980 939 4044 talia
966 4003 1029 4065 quo
1057 3981 1152 4045 modo
1181 3985 1290 4044 essent

48 4088 216 4170 perscripta
249 4087 281 4151 in
309 4087 394 4151 libro
423 4087 645 4174 Lugdunensi,
677 4088 766 4152 cuius
794 4088 1000 4171 potissimum
1029 4088 1170 4151 solemus
1199 4088 1289 4172 sequi

45 4194 230 4276 exemplum,
253 4195 286 4257 in
311 4198 481 4259 auctorum
504 4194 614 4260 Indice
638 4194 862 4260 declarabitur.

124 4300 299 4366 Praeterea
331 4302 576 4366 memorandum
609 4302 675 4366 iam
703 4303 756 4367 hic
784 4325 821 4367 ex
850 4302 933 4367 libro
963 4300 1193 4384 Bambergensi
1223 4325 1289 4368 uon

39 4409 153 4490 omnia,
173 4407 229 4470 sed
250 4409 444 4493 gravissima
463 4431 608 4493 quaeque
628 4412 786 4493 excerpta.
823 4408 891 4473 Nec
911 4408 949 4473 de
965 4409 1178 4473 Hennensium
1193 4410 1289 4476 ditto-

34 4514 181 4599 graphiis
207 4515 461 4581 concludendum
485 4539 523 4580 ex
548 4516 677 4581 silentio
701 4528 825 4599 nostro,
849 4517 926 4579 licet
950 4516 1198 4601 diligentissime
1222 4519 1289 4583 sint

33 4621 188 4703 adhibiti,
211 4643 316 4706 neque
341 4645 484 4707 eaquae
509 4623 625 4688 desunt
648 4623 765 4706 ubique
788 4627 915 4707 notata,
939 4646 1011 4688 eum
1036 4624 1225 4707 praesertim
1249 4625 1287 4689 de

30 4731 157 4794 lacunis
182 4729 303 4794 codicis
329 4732 494 4818 utriusque
519 4732 598 4796 satis
623 4734 771 4796 accurate
795 4732 933 4796 relatum
956 4731 999 4794 sit
1023 4753 1042 4794 a
1066 4729 1229 4814 Meylano.
