3164 5326
369 338 417 392 DE
437 337 606 393 HONESTE
625 338 692 392 SET
709 339 810 393 NOVE
830 339 954 396 DICTIS.
983 341 1018 396 ll.
1274 344 1315 409 97

1198 435 1228 473 τι.
1243 435 1269 473 aa
1284 435 1318 474 ru.

10 575 42 621 Ν
223 498 317 632 frigus
336 497 430 554 calore
448 503 533 568 atque
553 502 648 555 umore
667 500 833 555 aritudinem

225 578 295 633 miso
313 582 332 634 t.

149 705 357 754 Anonlarva
384 712 443 774 pro
472 691 620 755 abortum
647 691 754 770 faeiat.
796 690 899 756 Varro
929 696 1016 778 [pro]
1044 693 1140 759 Gallo
1169 695 1208 758 ad
1232 694 1317 758 Fun-

61 794 208 879 danium,
233 796 272 860 de
296 796 493 862 admirandis
517 797 655 878 [rebus]:
680 799 799 881 vinum,
823 800 907 883 quod
927 800 973 864 ibi
992 804 1104 865 natum
1125 802 1168 865 sit
1186 801 1220 865 in
1240 822 1317 886 quo-

63 901 136 966 dam
156 903 243 985 luco,
266 905 295 967 si
318 923 481 988 pregnans
505 904 633 988 biberit,
656 904 727 968 fieri
749 909 786 969 ut
809 905 983 971 aboriatur.

154 1027 487 1077 stLascssnrlams.
521 1009 625 1075 Varro
649 1006 694 1075 Τὸ
719 1009 771 1076 ἐπὶ
794 1013 833 1096 τῇ
857 1015 948 1100 φακῇ
971 1010 1092 1098 μύρον,
1115 1013 1189 1098 περὶ
1213 1010 1319 1080 εὐκαι·

14 1136 46 1183 aa
64 1118 152 1199 ρίαςε
177 1122 214 1181 tu
239 1117 365 1203 quidem
391 1124 428 1183 ut
449 1123 558 1183 taceas
582 1139 711 1202 censeo,
738 1119 891 1204 quoniam
915 1127 951 1185 tu
975 1144 1102 1206 quoque
1125 1122 1222 1187 athuo
1244 1124 1320 1188 adu·

67 1222 283 1289 lesoantiaris.

35 1352 46 1397 1
157 1347 408 1397 Ancrnannrvn
432 1354 491 1416 pro
516 1334 667 1397 serviunt.
708 1333 848 1398 Titinius
873 1330 889 1422 ΙΙ
913 1333 1055 1399 Proelia:

229 1468 327 1508 verum
346 1453 421 1508 enim
440 1453 551 1508 dotibu'
570 1453 679 1508 deliniti
698 1457 771 1510 ultro
790 1454 875 1510 etiam
896 1456 1027 1512 uxoribus
1046 1457 1223 1514 ancillantur.

159 1564 278 1628 Accius
302 1563 482 1649 Meleagro:

232 1701 317 1756 quam
337 1685 428 1740 invita
445 1686 581 1741 ancillans
600 1687 676 1767 dioto
695 1686 852 1742 oboedieris
870 1688 930 1743 riri.

160 1905 194 1952 21
219 1898 310 1954 Varro
339 1899 422 1955 Gallo
449 1901 485 1955 ad
508 1900 684 1955 Fundanium
706 1903 716 1970 l
739 1906 773 1954 24
798 1900 885 1956 Varro
912 1897 950 1954 Τὸ
975 1895 1023 1955 lat
1045 1907 1079 1973 τῇ
1103 1903 1182 1974 φακῇ
1206 1899 1295 1973 μύρον
1313 1904 1322 1973 l!

75 1986 87 2033 1
109 1979 232 2035 Titinius
251 1981 364 2037 Proelia
377 1984 417 2051 53
435 1983 537 2036 Accius
556 1981 706 2051 Meleagro.

162 2213 212 2269 ll).
227 2213 266 2267 20
278 2229 349 2282 quae
361 2219 489 2268 emuntur
503 2229 538 2267 err
551 2213 703 2282 manerio
717 2213 852 2267 troelaieo
862 2212 955 2267 Ennii
967 2215 1060 2281 refieta
1075 2218 1137 2281 (sat.
1148 2217 1211 2280 40):
1224 2213 1324 2283 frigori

72 2291 172 2348 miscet
190 2292 314 2348 calorem
332 2297 419 2362 atque
437 2292 528 2348 umori
546 2293 723 2348 aritudinem.
739 2324 770 2331 —
785 2309 890 2359 umora,
908 2310 996 2362 supra
1014 2294 1077 2350 adel.
1097 2294 1125 2360 h,
1143 2294 1185 2358 L,·
1206 2293 1322 2349 humore

72 2375 128 2428 rell.
146 2404 182 2414 -
208 2372 246 2427 al
270 2389 321 2442 pro
345 2372 473 2426 abortum
497 2371 586 2427 faciat
608 2372 657 2439 M;
683 2389 734 2441 pro
757 2371 881 2427 abortiat
903 2373 984 2439 Iun.;
1011 2390 1062 2442 pro
1085 2373 1184 2427 abortu
1209 2373 1245 2441 0,·
1272 2390 1323 2443 pro

73 2454 187 2509 abortet
204 2470 272 2522 rara.
292 2451 339 2519 Η,
358 2451 399 2520 θ,-
417 2470 467 2523 per
485 2454 595 2508 avertet
611 2454 647 2522 ol.
665 2483 701 2493 —
719 2450 801 2505 Gallo
820 2469 860 2517 v.;
883 2470 933 2522 pro
953 2452 1037 2507 callio
1056 2453 1100 2519 H,
1123 2453 1238 2518 Bamb.;
1262 2455 1324 2508 item

73 2535 108 2601 L,
126 2537 159 2588 ia
177 2549 231 2603 qaia
250 2551 269 2603 g
286 2549 374 2602 supra
393 2550 408 2588 a
426 2549 511 2601 eras.,·
528 2547 578 2603 pro
597 2531 685 2599 gallio
701 2533 907 2602 Hontepeeaul„
928 2532 1053 2588 Parisiis.
1073 2538 1158 2600 7666,
1176 2535 1251 2605 He,;
1273 2550 1323 2604 pro

73 2632 122 2669 on.
150 2615 193 2670 ad.
217 2613 300 2679 Bau,
327 2614 405 2667 haud
430 2614 513 2669 dubie
536 2629 588 2683 per
610 2614 754 2668 inaurium.
779 2645 813 2654 -
837 2615 873 2668 ad
896 2614 1073 2669 Fundanium
1097 2615 1147 2681 Μ,
1174 2614 1208 2681 os.
1233 2631 1323 2670 comm.

73 2697 110 2750 ad
126 2712 173 2766 pq.
194 2698 252 2749 205
272 2693 290 2747 l.
308 2692 424 2760 iratum
449 2694 494 2748 vel
512 2691 655 2748 Fundanio
675 2693 735 2747 cdd.
755 2724 787 2733 -
808 2694 846 2748 ‘22
866 2693 900 2748 de
919 2694 992 2749 adm.
1011 2695 1094 2749 rebus
1113 2694 1167 2759 aa·
1184 2710 1234 2749 om.
1254 2695 1325 2749 illud

72 2774 155 2829 rebus
171 2773 369 2844 Quirianum
387 2776 460 2844 quod
479 2775 655 2829 librariorum
666 2775 855 2844 potiusquam
869 2775 905 2829 N.
920 2776 1003 2844 eulpa
1017 2775 1125 2828 vidam
1139 2775 1272 2828 additum.
1291 2805 1323 2815 -

72 2854 121 2908 ubi
133 2853 234 2908 Bamb.
251 2883 284 2892 -
298 2853 337 2908 28
350 2870 490 2925 pregnans
504 2855 540 2921 L,
560 2853 599 2919 H,
617 2852 733 2922 Bamlr.;
750 2871 907 2924 praegnans
926 2856 966 2910 al.
981 2855 1049 2909 Bae.
1065 2886 1097 2894 -
1114 2853 1258 2909 oboriatur
1278 2856 1324 2924 L,

74 2967 105 2974 -
121 2933 159 2988 ‘24
179 2933 420 3000 adulescntiaris,
438 2932 587 2988 luxuriaris
605 2949 672 3001 mro.
687 2933 732 2998 II;
751 2933 988 2989 aduliscenciaris
1007 2951 1058 3003 pro
1078 2933 1223 2988 luxoriaris
1240 2936 1275 3003 al.
1292 2966 1325 2973 —

77 3014 113 3067 Τὸ
144 3010 193 3067 lai
217 3013 251 3084 τῇ
281 3014 359 3085 φακῇ
390 3013 492 3083 μύρον,
519 3015 608 3068 exitus
636 3014 751 3066 trimetri
778 3015 889 3069 iambici
916 3018 956 3069 eei
984 3021 1042 3069 tetr.
1072 3017 1168 3080 trech„
1197 3021 1227 3068 at
1255 3016 1326 3069 illud

74 3097 202 3148 mutuum
225 3093 294 3147 mali
318 3095 448 3162 scabunt;
476 3100 523 3149 eet.
549 3097 583 3162 ef.
609 3095 677 3148 Geli.
703 3094 804 3161 XIII,
822 3100 873 3162 29,
898 3102 930 3164 5,·
957 3097 1092 3151 Athenaei
1116 3097 1136 3149 I
1141 3095 1167 3147 V
1184 3113 1232 3164 pq.
1256 3101 1327 3162 160,-

78 3174 196 3228 anrreb.
215 3175 329 3227 Adam.
352 3175 479 3240 XXIX,
498 3179 531 3242 3,·
549 3174 602 3229 tiro
622 3194 686 3242 πιτη
706 3194 875 3244 φακημυρον
895 3177 929 3241 0,
949 3177 1046 3230 Bamb.
1067 3178 1236 3245 (φακμυρον,
1254 3193 1288 3228 m.
1308 3180 1328 3230 2

75 3272 219 3322 φαμιρον
245 3253 291 3320 Jl‚·
314 3273 395 3322 μιρον
418 3257 499 3310 etiam
521 3255 640 3323 Bamb.).
661 3285 693 3293 -
713 3255 778 3321 περὶ
801 3252 948 3324 εὐκαιρίας
970 3256 1163 3320 Buechelerue,
1189 3257 1239 3322 M‚·
1261 3275 1327 3322 περι

76 3348 189 3402 amram
208 3350 242 3387 ae
256 3335 315 3388 cdd.
331 3365 364 3375 —
378 3337 451 3391 illud
465 3337 571 3404 quiden
585 3341 616 3390 ut
630 3337 778 3389 eerrtentiae
796 3339 894 3403 optineo
908 3339 1041 3400 convenit,
1059 3338 1189 3402 facillime
1204 3339 1326 3404 potuisse

75 3416 151 3469 abire
173 3416 206 3467 in
229 3431 274 3478 ea,
301 3432 370 3484 quae
393 3417 424 3470 in
447 3417 525 3470 libris
544 3416 633 3470 Nonii
651 3417 792 3485 tenuntur,
814 3417 964 3485 intrrcepta
982 3424 1047 3472 ante
1066 3436 1078 3470 ε
1098 3418 1196 3470 ‹leatra
1211 3421 1292 3484 parte
1311 3437 1326 3468 κ

76 3497 197 3559 litterae,
215 3511 277 3548 eum
295 3514 325 3547 aa
344 3502 451 3551 mutata
469 3503 533 3551 esset
550 3499 581 3551 in
600 3517 624 3563 ε,
642 3498 701 3550 sine
718 3498 824 3564 nesrotio
843 3498 998 3566 intelleqeat
1017 3498 1078 3551 libr.
1099 3503 1216 3551 ueterum
1233 3497 1325 3564 periti.

75 3577 143 3628 male
165 3574 309 3629 Turnebus
328 3571 483 3643 titulatam
506 3595 571 3631 nam
590 3579 638 3631 allo
656 3572 687 3630 τὸ
708 3571 754 3629 ἐπὶ
772 3576 805 3644 τῇ
826 3578 904 3646 φακῇ
926 3574 1015 3645 μύρον
1034 3579 1235 3631 ‹lernoriatrutur
1253 3578 1329 3629 liomo

76 3658 132 3708 loeo
150 3661 176 3708 et
196 3660 312 3722 tompore
330 3655 423 3710 aliena
441 3674 530 3726 ayens.
548 3689 578 3696 —
600 3658 637 3711 25
655 3659 749 3710 taceas
768 3658 809 3709 nel
827 3656 914 3710 facies
934 3658 1058 3726 Erycina
1077 3660 1107 3711 in
1127 3658 1276 3725 ‹aemnlari
1295 3657 1329 3709 ab

78 3737 191 3789 Heraia
209 3741 290 3788 nunt.
309 3737 377 3790 aon.
395 3738 506 3792 Monac.
525 3757 550 3791 a.
571 3742 643 3791 1a45
658 3754 705 3806 pa.
726 3741 781 3790 507
798 3745 958 3806 mernoruto;
977 3739 1065 3792 faciut
1083 3739 1144 3791 ertit.
1160 3768 1193 3776 -
1208 3751 1329 3803 goneseo

78 3817 124 3884 L„
141 3847 171 3854 --
190 3815 276 3869 abhuc
296 3816 345 3885 Ii„
364 3817 456 3872 adhue
475 3819 531 3874 rell.
552 3849 583 3857 -
604 3815 833 3870 adolescentiaris
853 3819 880 3871 L
899 3821 996 3886 (sarira
1016 3836 1032 3871 o
1051 3835 1114 3870 erus
1132 3818 1171 3884 u),
1192 3817 1242 3885 Η,Ι
1259 3847 1291 3853 —
1314 3814 1326 3867 l

78 3895 214 3957 Titinium
239 3897 273 3960 cs.
293 3902 352 3951 278
370 3896 518 3963 delenitus,
541 3900 634 3952 mente
654 3897 801 3951 alienatus.
822 3927 855 3935 -
876 3897 986 3951 Prae-lia
1006 3899 1044 3950 al.
1066 3897 1149 3959 Bas:
1168 3896 1239 3963 qu.
1260 3927 1292 3934 —
1313 3895 1330 3946 ‘l

78 3974 197 4028 delinito
218 3974 254 4038 L,
273 3975 390 4030 deleniti
408 3978 447 4043 H,
467 3978 500 4031 G.
517 4009 548 4016 —
565 3979 769 4046 anapaestieum
788 3984 974 4031 tetrametram
994 3979 1092 4030 statuit
1111 3993 1165 4029 esse
1184 3975 1212 4029 0.
1231 3975 1265 4028 F.
1281 3974 1331 4026 ll'.

79 4056 230 4108 Muellerus
254 4056 365 4123 prona.
389 4056 483 4110 Plaut.
509 4062 576 4124 105;
603 4074 687 4125 neque
708 4057 797 4112 'habeo
824 4075 873 4111 cur
900 4060 985 4123 sitisse
1010 4058 1090 4110 taleni
1113 4062 1239 4126 neonium
1266 4071 1333 4107 riam

79 4135 149 4187 illuri
177 4133 255 4187 enim
281 4137 486 4206 pyrricbiaeum
514 4139 667 4206 insequente
694 4153 813 4191 cornone
838 4140 914 4205 aprart
939 4138 1075 4191 Titinium
1103 4138 1134 4188 in
1160 4136 1240 4187 initio
1266 4139 1333 4187 certe

79 4230 170 4268 tersus
194 4214 267 4266 aaa
290 4215 515 4271 rideturlrabm
537 4217 709 4283 offeruionia,
737 4236 821 4286 neque
846 4235 914 4286 opus
938 4234 992 4271 esse
1015 4233 1044 4269 ro
1067 4216 1139 4283 quod
1159 4215 1334 4284 Ronqarsiaa

78 4299 207 4350 condona
230 4296 284 4348 viri
309 4296 392 4351 enim.
427 4313 485 4351 uon
508 4303 545 4351 est
567 4297 675 4366 quidem
697 4299 843 4352 adtendam
863 4301 970 4369 alcyone
987 4312 1089 4361 uersae,
1108 4302 1198 4348 tamen
1217 4300 1246 4347 nt
1266 4295 1335 4359 ferri

76 4379 172 4445 [nesii.
200 4377 335 4431 noctaiei
353 4382 442 4431 autem
460 4379 567 4431 numeri
584 4393 641 4431 non
655 4385 773 4446 possunt
792 4381 954 4432 correinnari
974 4378 1028 4430 ruisi
1046 4377 1098 4429 sie:
1118 4391 1213 4427 vorum
1233 4373 1306 4427 enirn
1329 4382 1332 4442 ζ

80 4457 196 4510 dotibus
220 4455 337 4510 deleniti
360 4455 446 4510 etiam
470 4458 544 4511 ultro
568 4456 706 4511 ancillant
728 4456 874 4524 uxoribus,
898 4458 1056 4510 violentiora
1075 4457 1163 4524 panto
1185 4457 1336 4508 mutatione

80 4553 113 4588 uc
132 4553 166 4589 ue
184 4537 225 4589 sie
242 4537 350 4604 quidm
368 4542 399 4590 ut
417 4538 534 4604 satisfiat
554 4538 588 4591 ab
607 4539 682 4591 omni
696 4543 778 4606 parte
797 4540 901 4592 rationi
919 4539 1044 4591 inrisione.
1061 4566 1095 4574 -—
1114 4535 1133 4589 4
1151 4537 1172 4602 s.
1192 4551 1285 4602 quom.
1302 4562 1334 4572 -

81 4615 241 4669 oboedieris
266 4616 312 4683 M,
335 4617 486 4671 oboediens
510 4617 655 4687 (obediens
679 4624 710 4670 ut
732 4619 787 4672 ant.
813 4620 856 4685 H)
881 4618 915 4683 0,
940 4624 1036 4671 eontra
1058 4634 1081 4671 r.
1105 4635 1139 4670 m.
1160 4646 1193 4654 -
1214 4616 1270 4681 suit
1288 4614 1337 4682 qui

81 4699 226 4751 reniteret:
245 4697 305 4750 viro
324 4714 409 4765 quam
423 4697 515 4751 inrita
529 4696 673 4763 ancillans,
693 4697 768 4751 elicto
784 4698 934 4751 oboediens
949 4714 982 4751 ae
995 4698 1080 4751 sinrili
1094 4713 1183 4751 errore
1193 4700 1337 4765 peceatum

80 4784 199 4832 auerteret
213 4795 262 4848 pa.
282 4782 338 4833 507
355 4795 376 4832 a.
395 4795 420 4833 a.
438 4778 518 4832 nivit.
539 4809 571 4816 -
591 4781 686 4848 unitur
704 4779 736 4832 cle
756 4778 890 4832 Atalanta
910 4779 1041 4846 conluuio
1060 4778 1250 4845 adspernantt.

135 4878 201 4918 Xon
215 4879 295 4918 Hanc.
309 4875 334 4916 C.
348 4877 376 4916 D.
390 4877 424 4916 ed.
439 4877 464 4918 L.
479 4876 606 4916 Muraena.
1108 4871 1122 4917 'l
