3098 5316
321 334 370 391 nn
390 335 646 392 COMPENDIOSA
667 334 853 393 nocrnlnn
872 335 984 391 Noun.
1219 336 1284 401 249

11 492 128 561 fuisse
153 501 280 564 conicio
304 503 409 584 caput
445 499 484 564 In
508 522 571 584 quo
591 498 716 566 Nonius
739 500 802 565 nisi
821 504 969 565 versatus
988 505 1075 565 esset
1092 501 1164 566 rudi
1184 500 1283 565 etiam

12 605 96 671 tum
124 612 207 692 arte,
229 607 316 674 hand
339 608 435 672 dubie
459 607 591 691 perinde
614 608 822 692 alphabetico
843 607 953 673 ordine
972 606 1036 671 fuit
1053 630 1169 673 usurus
1189 612 1285 691 atque

11 708 52 776 in
79 715 216 780 relicuis
239 716 452 801 longioribus.
489 713 668 780 Secundum
694 720 803 780 autem
826 715 937 780 statim
959 720 1034 800 post
1054 715 1194 798 primum
1213 737 1283 779 esse

12 822 247 904 compositum
279 820 542 906 frequentissimo
574 821 732 886 librorum
761 821 860 887 Gellii
887 845 961 905 usu,
993 821 1048 907 qui
1076 821 1208 904 perinde
1237 821 1286 884 in·

16 925 164 992 venitur
186 929 220 993 in
243 933 390 1012 utroque,
414 927 540 992 videtur
564 927 729 992 declarari.

116 1032 171 1099 Ex
194 1034 324 1099 relicnis
348 1034 510 1118 partibus,
534 1055 634 1118 usque
658 1034 699 1099 ad
722 1034 798 1120 Xll,
823 1035 880 1119 IV,
903 1034 943 1118 V,
967 1033 1028 1118 VI,
1050 1033 1114 1100 XII
1137 1034 1286 1099 videntur

16 1158 98 1203 esse
132 1141 270 1206 ultimae
303 1145 459 1226 tempore.
507 1141 554 1205 Ac
583 1140 724 1206 medium
754 1142 884 1226 quidem
912 1146 946 1206 et
973 1143 1067 1226 quasi
1096 1142 1284 1206 umbilicum

18 1247 139 1329 operis
163 1246 212 1312 IV
241 1253 339 1332 caput
366 1249 470 1313 voluit
499 1270 569 1313 esse
597 1251 723 1330 auctor,
751 1249 791 1313 ad
820 1250 904 1334 quod
931 1249 1189 1314 concinnandum
1212 1271 1284 1313 curn

18 1354 105 1417 novi
136 1355 244 1419 fontes
268 1359 377 1420 essent
400 1357 516 1420 reclusi
539 1356 604 1421 iam
629 1354 754 1420 Gellius
779 1356 809 1419 ei
832 1357 920 1420 visus
945 1360 996 1421 est
1019 1357 1162 1438 sordere3
1191 1377 1285 1439 quem

19 1479 88 1525 nec
122 1461 157 1524 in
190 1463 305 1526 ceteris
337 1462 449 1527 eadem
483 1464 666 1548 frequentia
697 1463 942 1546 constantiaque
970 1468 1069 1548 atque
1097 1461 1170 1526 inl
1199 1467 1231 1525 et
1255 1460 1286 1525 ll

20 1564 191 1633 adhibuit.
212 1604 249 1613 —
273 1567 362 1644 Quae
386 1569 540 1633 claudunt
564 1591 644 1653 opus
669 1571 812 1652 capitula
832 1568 912 1634 VIII
936 1570 1115 1653 posteriore
1139 1574 1285 1653 ternpore

22 1673 216 1758 composita
235 1675 286 1739 vel
306 1674 378 1739 ideo
397 1676 616 1758 statuendum,
635 1676 719 1759 quod
739 1677 938 1760 duodecimo,
958 1700 1021 1762 quo
1041 1675 1164 1761 pariter
1182 1697 1285 1761 gram·

24 1780 174 1845 matieae
197 1803 249 1845 res
272 1785 457 1848 tractantur
479 1788 512 1847 et
536 1782 747 1866 antiquitates
767 1784 940 1848 transitum
960 1784 1118 1849 munitum
1138 1807 1157 1848 a
1176 1781 1286 1849 Nonio

25 1885 70 1951 ad
94 1886 179 1952 XIII
202 1891 236 1952 et
258 1910 340 1973 quae
364 1892 519 1955 secuntur
542 1893 686 1973 apparet.

120 1992 270 2071 Quibus
293 1995 472 2062 fontibus
496 2017 587 2060 usus
611 1996 664 2060 sit
682 1995 831 2062 Nonius
855 2002 893 2062 et
916 2020 987 2081 quo
1012 1998 1121 2064 modo
1145 2002 1220 2081 post
1241 2020 1288 2080 ea,

25 2121 114 2185 quae
137 2099 302 2166 Merccrus
331 2100 379 2187 (in
406 2103 648 2168 commentariis
673 2102 822 2189 passim),
849 2126 909 2169 nos
933 2103 1043 2189 (dere
1070 2128 1110 2170 m.
1134 2106 1177 2170 26
1192 2105 1286 2188 sqq.),

24 2205 185 2273 Hertuius
208 2205 346 2294 (Annal.
374 2209 489 2294 philol.
514 2208 662 2275 LXXXV
687 2209 848 2294 lObsqq.;
876 2210 993 2294 Opuse
1022 2211 1105 2277 Gell.
1133 2212 1175 2276 85
1195 2214 1287 2296 sqq.),

26 2310 164 2379 Riesius
188 2313 439 2399 (Opusculorum
463 2317 677 2381 inhonorem
700 2316 939 2403 philologorum
964 2323 1141 2383 conventus
1162 2317 1288 2382 Heidel-

26 2420 202 2506 bergensis
231 2422 305 2487 edit.
333 2423 476 2508 53sqq.;
509 2420 652 2508 Symbol.
680 2422 837 2508 philolog.
866 2423 1088 2490 Bonnensium
1116 2425 1180 2489 479
1196 2423 1288 2510 sqq.),

28 2525 293 2595 Scotomullerus
317 2530 374 2615 (ib.
398 2531 462 2596 809
478 2531 562 2618 sqq.)
590 2531 822 2613 disseruerunt,
849 2532 982 2616 proprio
1006 2533 1115 2597 libello
1139 2536 1288 2597 accurate

29 2636 115 2702 satis
139 2659 201 2703 nec
223 2638 339 2703 inseite
363 2639 546 2722 expositum
569 2661 597 2703 a.
622 2637 707 2703 1868
731 2660 750 2701 a
773 2636 877 2703 Paulo
902 2636 1091 2704 Schmidtio.

122 2741 196 2809 Nos
218 2743 273 2808 hic
295 2766 398 2828 pauca
421 2746 635 2810 tractabimus
661 2765 761 2828 eaque
785 2745 984 2810 summatim.

120 2851 172 2916 Ac
199 2851 339 2934 primum
367 2852 496 2936 quidem
525 2855 655 2917 constat
683 2851 721 2914 de
749 2872 814 2916 nno
843 2852 991 2936 exemplo
1015 2854 1056 2916 ab
1081 2853 1152 2937 ipso
1176 2851 1284 2918 Nonio

26 2956 290 3042 compendiosae
306 2957 480 3024 Doctrinae
500 2959 621 3041 addito,
639 2957 725 3044 quod
739 2979 793 3043 pg.
806 2958 871 3023 451
892 2960 1053 3043 excerpsit
1071 2982 1109 3024 ex
1124 2959 1287 3044 Epistulis

26 3064 185 3151 propriis.
221 3064 300 3141 Quis
324 3066 409 3130 enirn
434 3066 669 3151 elegantiarum
693 3067 816 3130 arbitro
836 3064 943 3131 Nonio
967 3069 1113 3131 uteretur
1136 3068 1198 3130 nisi
1217 3067 1288 3151 ipse

25 3170 182 3239 Nonius?
208 3170 375 3239 -Porro
405 3173 446 3238 ab
474 3174 587 3238 eodem
614 3172 700 3237 haud
728 3172 822 3236 dubie
851 3172 976 3237 adiecta
1005 3195 1087 3258 quae
1114 3172 1221 3238 adfert
1249 3197 1287 3238 ex

10 3276 170 3363 -Soreno,
199 3279 254 3363 qui
277 3280 446 3365 proximus
470 3280 500 3344 ei
523 3281 585 3345 fnit
608 3285 767 3364 tempore,
793 3282 826 3343 et
850 3303 888 3344 ex
913 3279 1028 3358 Gellio,
1052 3280 1201 3366 Apuleio,
1225 3279 1288 3345 Ga·

27 3385 145 3470 dullio,
168 3386 293 3451 saeculi
315 3385 531 3452 Frontoniani
555 3386 776 3470 scriptoribus.

121 3490 239 3576 Neque
260 3492 433 3576 intercedo,
456 3494 533 3576 quin
557 3492 656 3556 etiam
679 3490 732 3557 hic
755 3492 824 3558 illic
847 3492 970 3576 aliquid
990 3513 1028 3556 ex
1048 3491 1201 3558 Cicerone
1221 3494 1289 3558 sive

25 3597 191 3667 Sallustio
225 3600 275 3663 vel
304 3598 451 3685 Vergilio
485 3623 540 3664 seu
569 3599 721 3663 Terentio
754 3599 824 3684 ipse
857 3599 1054 3683 adspersisse
1086 3599 1289 3663 existimetur

26 3705 117 3773 libro
142 3728 211 3772 sno.

121 3811 186 3879 Sed
209 3818 339 3897 praeter
360 3813 450 3898 haec,
474 3836 556 3898 quae
579 3819 612 3878 et
634 3813 829 3897 paucissima
855 3813 943 3878 fuere
966 3818 1000 3878 et
1021 3814 1197 3897 levissima,
1221 3813 1288 3877 ubi·

28 3942 94 4005 que
128 3921 276 4005 sequitur
307 3921 445 3986 aliorum
479 3918 766 4005 grammaticorum
800 3921 1067 4003 commentarios,
1099 3922 1133 3984 et
1160 3943 1290 3985 morosa

27 4026 164 4114 quidem
190 4028 422 4111 compilatione
451 4033 549 4112 atque
576 4026 737 4091 illiberali.
764 4063 801 4073 -
831 4025 915 4095 Nam
944 4031 977 4092 et
1005 4027 1159 4091 lemmata
1187 4028 1290 4091 multa

29 4132 186 4199 videntur
209 4133 251 4198 ab
276 4157 313 4199 eo
337 4136 499 4200 translata
523 4135 704 4200 mutatione
727 4133 815 4198 facta
838 4134 888 4198 vel
912 4134 1002 4199 nulla
1025 4135 1073 4198 vel
1098 4133 1234 4198 minima
1256 4138 1290 4198 et

29 4240 94 4307 boe
112 4240 309 4325 ubicumque
328 4243 472 4305 eveniret
491 4263 550 4305 nec
569 4262 634 4305 non
651 4241 685 4303 in
700 4240 857 4324 exemplis
873 4244 1041 4306 auctorum
1056 4240 1124 4304 fere
1138 4241 1288 4307 omnibns

33 4350 167 4415 servate
188 4345 425 4432 orthographia
448 4349 576 4432 qualem
601 4346 687 4430 apud
710 4350 859 4412 auctores
884 4369 958 4413 suos
982 4349 1158 4411 invenerat.

123 4454 234 4539 Atque
257 4453 368 4518 eodem
393 4455 474 4520 vitio
498 4456 630 4539 factum,
653 4454 745 4518 utin
768 4459 861 4539 parte
885 4458 1109 4539 excerptorum
1134 4454 1202 4519 eius
1226 4454 1289 4519 Ro-

37 4581 205 4627 manorum
224 4581 371 4625 summus
390 4565 502 4627 orator
516 4561 559 4625 M.
575 4561 702 4626 Tullius
721 4562 856 4646 audiret,
875 4567 910 4626 at
928 4562 1019 4645 alibi,
1036 4560 1139 4626 multo
1160 4561 1288 4645 quidem

38 4667 154 4750 rarius,
188 4664 312 4732 Cicero.
337 4704 376 4714 -
402 4669 574 4734 Praeterea
603 4669 687 4754 quod
716 4667 833 4733 Lucilii
860 4669 957 4733 modo
985 4668 1085 4732 libros
1113 4668 1289 4752 inscripsit,

43 4773 132 4841 modo
155 4771 345 4859 satyrarum
371 4774 484 4860 libros,
507 4774 628 4860 duplici
652 4797 723 4840 eum
748 4775 839 4841 fonte
862 4797 957 4840 neum
980 4777 1014 4840 in
1038 4774 1123 4840 illius
1143 4775 1289 4840 versibus
