3164 5326
215 364 303 430 QVID
322 367 346 418 A
365 363 529 419 SAEOVLO
549 363 600 418 XV
617 362 873 418 PROFECERINT
891 362 1031 419 GRAMM.
1052 380 1073 419 e.
1095 384 1121 433 q.
1142 384 1162 419 s.
1248 365 1313 429 293

58 530 306 594 absterreantur
329 528 369 592 ab
394 527 597 592 aemulandis
620 528 694 592 istis
717 526 947 593 adulescentes.
989 527 1072 603 Quid
1091 529 1199 593 enim?
1238 528 1312 594 Ore·

57 635 165 716 disne,
188 639 225 699 ut
249 635 310 700 hoc
334 635 481 719 exemplo
505 639 586 717 utar,
610 635 779 699 Marxioe
805 640 841 699 et
866 634 1130 700 Stowasseros
1159 658 1311 720 umquam

56 750 267 826 grassaturos
291 743 392 806 fuisse
415 743 449 805 in
472 764 532 806 uos
555 741 821 824 impudentiam,
844 763 907 825 qua
926 741 1093 806 infamiam
1112 746 1311 825 contraxere,

55 851 122 914 nisi
136 851 184 913 ita
198 872 218 912 a
227 848 432 913 Buecheleris
448 854 481 913 et
493 848 648 912 Vahlenis
664 852 773 911 essent
786 849 937 930 instituti,
949 854 986 912 ut
1000 849 1153 913 adversus
1163 848 1223 911 hos
1235 849 1310 912 adu-

54 957 180 1021 latione
200 955 319 1039 servssi,
339 956 493 1020 adversus
513 960 635 1020 ceteros
655 954 837 1039 petulantia
856 958 1023 1019 uterentur
1039 956 1310 1021 effrenatissima?

146 1062 285 1127 Multum
304 1062 445 1147 perdidit
463 1062 568 1126 Varro
587 1061 795 1125 Hermanni
813 1060 993 1126 Kettneri
1014 1064 1188 1128 immaturo
1209 1063 1309 1147 obitu,

51 1171 113 1255 qui
141 1170 286 1234 collectis
314 1169 353 1233 de
381 1168 450 1233 vita
476 1192 506 1253 p.
532 1169 568 1232 lt.
595 1169 752 1233 librorum
781 1167 973 1252 fragmentis
1002 1168 1138 1253 aliisque
1162 1191 1242 1252 quae
1267 1171 1307 1234 ad

42 1277 213 1342 'Varronis
247 1276 368 1361 scripta
400 1275 451 1340 vel
483 1275 625 1360 glosaria
657 1274 760 1339 latina
791 1276 990 1359 pertinerent
1018 1275 1113 1338 editis
1142 1277 1306 1361 egregiam

50 1385 105 1449 sui
130 1405 219 1467 spem
245 1388 400 1447 moverat.

147 1490 302 1556 Varronis
335 1512 468 1576 operum
502 1492 631 1574 praeter
662 1488 764 1553 libros
797 1488 836 1552 de
867 1489 980 1573 lingua
1012 1489 1115 1553 latina
1145 1495 1178 1554 et
1206 1491 1244 1554 de
1272 1513 1306 1556 re

48 1599 177 1663 rustica
204 1597 356 1681 reliquias
384 1596 556 1681 aliquando
584 1595 714 1678 prodire
742 1599 899 1678 apparatu
929 1594 1045 1660 idoneo
1073 1598 1248 1662 instructas
1273 1603 1306 1663 et

49 1706 229 1771 secundum
253 1706 341 1790 leges
365 1704 446 1768 artis
465 1704 653 1787 perpolitae,
673 1701 857 1786 dispositas,
875 1702 1055 1766 illustratas
1074 1708 1110 1767 ut
1129 1705 1305 1788 optandum

49 1817 104 1878 est
131 1814 270 1877 maxime
298 1817 431 1895 propter
453 1833 546 1875 usum
570 1809 722 1893 exiguum
746 1809 895 1874 editionis
920 1808 1073 1892 Popmae‚
1100 1811 1148 1874 ita
1172 1818 1305 1895 propter

48 1919 279 1983 difficultatem
299 1918 406 2002 operis
421 1920 454 1981 et
467 1917 687 2002 prolixitatem
702 1938 804 2000 paene
819 1917 1062 2000 desperandum.
1094 1916 1179 1981 Illud
1195 1922 1303 1983 autem

48 2026 185 2092 omnino
208 2026 451 2109 deprecandum,
475 2025 621 2107 exemplo
645 2027 752 2087 aetate
775 2028 888 2088 nostra
906 2022 1168 2108 frequentissimo
1189 2028 1302 2110 nequis

46 2133 176 2198 iuvenis
199 2155 267 2197 rem
292 2132 461 2216 suscipiat,
485 2153 567 2215 quae
590 2152 655 2195 non
678 2132 783 2215 possit
807 2130 939 2195 tractari
963 2131 1026 2194 nisi
1051 2131 1090 2194 ab
1114 2131 1246 2198 homine
1270 2141 1302 2199 et

46 2241 217 2305 doctrinae
240 2239 444 2304 vastissimae
468 2244 501 2301 et
522 2241 600 2320 arte,
624 2259 693 2318 usu,
717 2238 810 2300 aunis
829 2238 1049 2302 corroborato.
1086 2238 1178 2314 Quod
1199 2241 1301 2325 siquis

46 2347 210 2432 spreverit
241 2347 415 2427 monitum,
447 2367 487 2408 ne
520 2344 575 2407 ille
608 2344 726 2407 ceratis
757 2365 817 2428 ope
845 2343 1011 2408 Daedalea
1040 2347 1161 2410 nitetur
1192 2349 1300 2431 pinnis

45 2453 243 2537 eosdemque
267 2453 401 2517 habebit
424 2454 529 2516 exitus
552 2472 634 2535 quos
659 2450 823 2515 Vahlenus
848 2453 913 2515 sive
938 2451 1075 2516 Riesius.

139 2560 311 2626 Praeterea
337 2559 451 2624 modus
475 2558 632 2623 tenendus
656 2559 690 2621 in
713 2559 915 2643 congerenda
938 2559 1088 2643 materia;
1117 2584 1212 2644 quem
1236 2563 1300 2627 nisi

45 2668 204 2752 servaris,
232 2668 354 2752 poterit
375 2666 472 2730 facile
496 2665 622 2749 sylloge
646 2664 761 2729 confici
783 2665 871 2747 talis,
894 2688 976 2750 quae
1001 2665 1177 2750 Augustini
1202 2691 1300 2753 opera

45 2780 166 2861 aequet
188 2774 325 2840 circuitu
349 2774 400 2838 vel
424 2776 562 2857 superet.

136 2881 272 2948 Catonis
306 2882 563 2966 fragmentorum
595 2883 628 2942 et
661 2879 889 2943 historicorum
921 2880 1109 2945 Latinorum
1142 2882 1299 2947 editiones

44 2991 88 3055 ab
114 2990 280 3054 Henrico
299 2989 465 3053 Iordano
490 2991 522 3050 et
541 2986 756 3051 Hermanno
777 2985 891 3051 Petro
915 2988 1053 3051 emissae
1073 2990 1299 3055 memorabiles

43 3097 187 3163 maxime
205 3100 338 3181 propter
356 3095 587 3179 prolegomena
606 3092 779 3177 diligenter
790 3094 1031 3178 prudenterque
1051 3098 1242 3178 composita.
1259 3135 1295 3144 —-

43 3204 169 3269 Teates
192 3204 256 3288 ipsi
280 3203 474 3286 scriptorum
496 3223 560 3265 non
580 3200 691 3264 eadem
711 3200 803 3263 laude
824 3200 923 3285 digni,
947 3223 1018 3265 cum
1038 3201 1179 3267 librariis
1198 3205 1297 3269 nimis

42 3309 159 3375 confisi
188 3330 290 3393 neque
317 3309 450 3394 proprio
479 3308 611 3393 ingenio
640 3308 767 3401 saepius
791 3308 946 3371 auxilium
970 3308 1103 3372 tulerint
1127 3310 1205 3374 locis
1229 3334 1296 3376 cor·

42 3415 151 3500 ruptis
167 3419 199 3479 et
213 3439 253 3480 ne
268 3417 412 3500 priorum
427 3415 555 3499 quidem
570 3417 855 3500 grammaticorum
872 3416 951 3478 satis
967 3417 1166 3498 respexerint
1179 3419 1296 3501 ubique

41 3527 235 3588 commenta

135 3628 236 3693 Porro
269 3651 341 3694 cum
375 3651 413 3693 ex
447 3629 632 3693 auctoribus
666 3650 746 3712 quos
774 3629 850 3692 tulit
878 3634 968 3693 aetas
997 3652 1091 3694 nemo
1120 3631 1192 3714 plus
1221 3654 1297 3696 con-

41 3737 131 3802 ferat
154 3735 194 3800 ad
216 3735 444 3801 illustrandum
464 3735 607 3801 Nonium
628 3734 744 3818 Gellio,
768 3740 876 3818 grates
900 3736 1042 3821 agendae
1068 3739 1116 3802 vel
1136 3740 1296 3804 maximae

40 3842 212 3908 Martino
236 3843 408 3927 Hermio,
437 3844 527 3908 cuius
557 3841 726 3926 diligentia
754 3865 791 3906 ac
820 3842 966 3907 sollertia
990 3844 1036 3907 ita
1059 3844 1123 3907 iam
1148 3845 1296 3910 feruntur

40 3952 174 4016 relictae
206 3950 444 4034 instructaeque
473 3949 593 4014 Noctes
623 3950 765 4034 Atticae,
798 3955 834 4013 ut
867 3953 923 4013 aut
956 3972 1031 4014 vera
1064 3952 1226 4036 scriptura
1254 3955 1297 4018 sit

39 4058 197 4123 restituta
230 4063 285 4121 aut
314 4059 371 4122 ubi
399 4060 488 4122 locus
517 4062 567 4121 est
596 4057 816 4122 dissentiendo
844 4058 940 4122 facile
969 4059 1073 4141 possis
1102 4060 1185 4124 viam
1215 4063 1295 4126 inire

39 4163 228 4230 inveniendi
251 4165 328 4230 veri.

132 4269 257 4334 Deinde
284 4292 357 4336 cum
385 4272 507 4354 passim
531 4271 630 4335 Nonii
658 4272 740 4336 liber
767 4273 946 4336 illustretur
974 4273 1166 4338 relicuorum
1190 4296 1295 4359 gram-

40 4378 236 4445 maticorum
261 4399 369 4462 opera,
391 4400 463 4443 cunr
487 4378 581 4442 laude
604 4378 657 4442 hic
679 4380 893 4463 prosequendi
913 4400 985 4443 curn
1004 4380 1116 4444 eodem
1136 4380 1294 4447 Hertzio

37 4484 234 4550 Henricus
273 4483 425 4550 Keilius
464 4485 779 4569 Hermannusque
818 4485 998 4571 Hagenus
1033 4492 1070 4550 et
1102 4485 1293 4572 Georgius

37 4591 167 4656 Thilo.

131 4696 243 4783 Neque
272 4701 507 4781 praetereunda
534 4701 596 4766 hoc
623 4701 694 4766 loco
724 4699 887 4765 Gustavi
916 4700 1057 4765 Loewii
1086 4701 1293 4787 Opusculaa

39 4803 79 4870 G.
107 4802 245 4869 Goetzio
277 4804 364 4869 edita
391 4827 428 4869 ac
456 4806 651 4873 Prodromus
680 4808 825 4893 corporis
858 4808 1075 4895 glosariorum
1104 4810 1292 4894 latinornm3
