3098 5316
198 330 287 397 QVID
305 332 329 385 A
349 328 512 385 SAECVLO
531 330 580 384 XV
602 330 854 386 PROTECERINT
872 330 1014 387 GRAMM.
1034 348 1057 387 e.
1077 349 1104 399 q.
1123 350 1143 385 a.
1230 330 1295 395 289

133 493 225 559 Idem
248 492 417 559 dicendum
442 493 479 557 de
503 492 620 576 duplici
645 493 833 557 librorum
852 494 1172 560 Terentianorum
1196 495 1294 559 tradi-

36 597 141 665 tione
174 600 260 665 Nam
274 600 493 666 recensionem
505 597 664 684 calliopii,
679 601 824 685 quisquis
838 600 901 665 fuit
914 602 969 666 ille
985 598 1088 689 (cuius
1102 605 1295 687 perexiguas

10 708 12 785 J
37 704 146 773 fuisse
168 712 278 792 partes
301 708 336 771 in
359 707 465 771 verbis
488 707 724 772 constituendis
743 707 886 771 Terentii
906 709 1043 774 aliorum
1063 709 1257 791 criticorum,
1276 731 1296 771 a

10 820 13 897 f
38 832 130 879 saec.
147 812 196 879 IV
215 813 256 879 ad
275 812 322 878 Vl
346 814 401 899 qui
424 812 521 893 fuere,
545 835 641 879 curae
661 812 908 900 demonstrant),
932 838 997 881 non
1015 816 1120 881 medio
1140 839 1219 882 aevo
1232 819 1297 880 aut

10 920 162 987 sultimo
191 920 395 1007 antiquitatis
421 923 570 1004 tempore
599 920 753 986 confectis
779 921 873 985 inniti
896 923 1149 1008 exemplaribus,
1177 924 1231 988 sed
1256 923 1295 986 ad

10 1014 24 1093 l
40 1048 129 1095 saec
151 1027 168 1092 I
190 1030 242 1094 rel
263 1026 297 1093 Π
319 1052 350 1113 p.
373 1025 448 1094 chr.
475 1027 582 1091 redire
608 1027 733 1093 fontem
762 1032 796 1092 ut
823 1027 921 1094 Nonii
950 1030 999 1094 ita
1026 1031 1164 1096 aliorum
1193 1051 1296 1114 gram-

10 1122 27 1197 i.
40 1136 240 1202 maticorum
263 1135 412 1200 firmatur
435 1134 640 1201 testimoniis.
678 1133 829 1200 Ceterum
849 1139 886 1200 ut
904 1159 924 1200 a
941 1137 1107 1203 nonnullis
1126 1138 1161 1201 in
1179 1136 1297 1201 Plauto

41 1240 257 1309 Ambrosiani
280 1242 357 1307 libri
381 1241 580 1326 praestantia
608 1242 745 1307 nimium
775 1248 992 1329 exaggeratur
1020 1245 1215 1328 contemptis
1240 1243 1297 1309 Pa-

10 1342 21 1427 ἱ.
38 1346 176 1435 latinis,
207 1349 255 1414 ita
286 1370 392 1414 errare
424 1370 480 1413 eos
514 1348 676 1431 existima,
709 1350 762 1435 qui
793 1350 864 1415 solo
894 1349 1051 1415 Bembino
1079 1350 1223 1415 Terentii
1251 1351 1297 1414 in-

10 1438 14 1539 !
40 1458 176 1542 'tegrum
198 1461 232 1522 et
253 1469 389 1522 merum·
401 1455 735 1526 fontemtraditionis
758 1456 916 1520 contineri
940 1458 1134 1523 existimant.
1177 1455 1237 1521 Sed
1263 1460 1299 1521 ut

10 1546 18 1643 ἱ
43 1564 158 1648 ponor
180 1562 267 1628 haue
290 1563 387 1628 uuna
411 1567 461 1627 est
484 1561 670 1645 samninus,
692 1563 739 1627 ie
761 1563 861 1627 ease
884 1563 959 1627 narr
983 1564 1101 1647 ubique
1126 1563 1299 1627 aurisensi

10 1666 22 1743 ξ.
43 1673 81 1735 et
112 1669 153 1735 de
183 1691 261 1736 vera
287 1669 425 1736 lectione
455 1668 662 1733 statuendum
690 1691 756 1734 non
783 1668 992 1752 praeiudiciis
1019 1691 1123 1754 neque
1150 1675 1298 1754 respectu

13 1768 18 1797 ³
44 1776 268 1861 auctoritatis,
291 1776 346 1841 sed
370 1776 542 1861 pensitatis
566 1798 639 1841 cum
663 1798 739 1840 cura
764 1776 826 1840 loci
850 1775 1004 1861 cuiusque
1027 1779 1151 1842 ratione
1176 1782 1208 1841 et
1227 1799 1299 1842 con·

10 1908 13 1913 ·
44 1883 184 1951 dicione.
233 1882 334 1949 Nonii
370 1888 480 1949 autem
514 1884 700 1950 auctoribus
734 1886 770 1946 ut
802 1882 881 1947 alibi
914 1881 1064 1947 Bembini
1097 1883 1185 1967 libri,
1222 1885 1298 1949 alibi

45 1988 204 2076 (lalliopii
227 1990 423 2056 recensionis
448 1990 607 2055 adseritur
625 1989 715 2074 fides,
737 1989 784 2053 ita
802 1989 964 2053 interdum
984 1988 1129 2054 diversae
1148 1991 1188 2054 ab
1209 1991 1302 2055 utris-

45 2118 114 2183 que
140 2097 353 2164 adstruuntur
379 2098 549 2177 lectiones,
579 2096 633 2161 sed
662 2118 757 2181 quae,
785 2098 822 2160 ut
849 2097 881 2159 in
906 2094 1064 2162 Plautinis
1088 2098 1208 2162 fabulis
1231 2099 1302 2164 lieri

44 2204 207 2290 videmus,
229 2209 263 2270 et
285 2205 376 2290 ipsae
399 2204 440 2269 ad
464 2204 574 2289 priora
596 2203 659 2270 duo
683 2227 713 2288 p.
733 2200 815 2296 chr.
829 2224 859 2267 n.
882 2202 1017 2268 redeant
1040 2206 1177 2271 saecula.
1215 2205 1302 2271 Vsus

45 2312 101 2377 eat
118 2309 272 2378 Terentio
290 2310 418 2378 Nonius
441 2314 479 2375 ut
500 2311 676 2395 plurimum
696 2309 775 2395 Oap.
792 2308 849 2393 IV,
872 2310 932 2375 hoc
952 2316 1002 2374 est
1020 2333 1058 2375 ea
1076 2317 1180 2397 parte,
1204 2336 1301 2398 quam

46 2440 88 2484 ex
111 2419 263 2505 glosariis
286 2418 494 2504 potissimum
517 2422 656 2483 tractam
681 2419 731 2483 vel
753 2417 902 2502 pluribus
926 2419 976 2482 vel
999 2440 1074 2502 uno,
1097 2441 1160 2503 quo
1180 2417 1303 2502 Cicero,

48 2522 229 2610 Vergilius,
261 2524 433 2591 Terentius
466 2526 607 2590 maxime
637 2526 885 2608 respicerentur,
918 2525 997 2589 satis
1028 2528 1167 2590 constat.
1211 2523 1304 2590 Com·

10 2682 13 2687 .
46 2631 228 2697 mentarioa
256 2633 366 2718 siquos
396 2631 557 2712 adhibuit,
589 2631 739 2697 videntur
765 2629 828 2696 hoc
854 2633 1027 2716 perscripti
1055 2632 1156 2697 fuisse
1184 2632 1304 2716 ordine,

47 2760 146 2826 quem
178 2739 324 2805 videmus
357 2739 424 2803 fere
454 2740 539 2824 apud
567 2737 747 2822 Donatum,
779 2742 816 2802 ut
843 2738 891 2802 ita
918 2738 1048 2804 fabulae
1079 2739 1304 2824 procederent:
1438 2782 1444 2796 .

47 2826 185 2931 Andria,
205 2845 382 2931 Adelphoe,
405 2844 591 2930 Eunuchus,
610 2845 752 2929 Formio,
771 2842 1149 2930 Hautontimorumenos,
1167 2845 1304 2930 Hecyra.

133 2952 174 3017 In
184 2953 340 3037 exemplis
347 2952 550 3018 Terentianis
560 2952 736 3018 tractandis
748 2952 886 3016 multum
897 2951 1000 3016 adiuti
1011 2952 1304 3037 sumustpfen·

10 3130 19 3137 ,
48 3059 183 3124 bachii
215 3060 394 3146 diligentia.
439 3058 507 3124 Nec
536 3081 601 3126 non
629 3060 723 3124 laude
752 3057 869 3143 dignus
897 3056 1072 3124 Eunonis
1100 3057 1305 3143 Bartelsii,

48 3165 241 3251 disciplinae
264 3166 559 3232 Studemundianae
582 3166 720 3247 iuvenis,
748 3165 878 3229 libellus
904 3165 941 3229 de
966 3164 1107 3230 Terentii
1132 3167 1305 3233 memoriae
1388 3214 1392 3220 ·

49 3271 137 3359 apud
156 3271 300 3338 Nonium
320 3279 457 3356 servata,
476 3294 502 3334 a.
522 3269 840 3336 MDCOOLXXXIV
862 3271 977 3338 editus.
1013 3273 1115 3348 Quem
1139 3296 1176 3338 eo
1201 3275 1306 3359 magis

48 3379 316 3445 commendamus
344 3379 461 3462 doctis,
490 3379 590 3462 quod,
617 3400 688 3443 cum
717 3401 832 3461 parum
861 3379 1046 3444 conferrent
1073 3379 1136 3445 loci
1165 3379 1305 3446 Noniani

48 3485 91 3553 ad
114 3485 263 3552 criticam
287 3486 516 3552 Terentianam
542 3485 802 3569 promovendam,
826 3507 899 3548 eum
924 3487 1025 3550 serius
1049 3487 1229 3570 attigimus.

141 3593 322 3678 Praeterea,
344 3598 382 3658 ut
400 3592 592 3675 continuem,
614 3614 696 3676 quae
715 3593 754 3656 de
773 3591 908 3675 integris
928 3593 1141 3676 scriptoribus
1161 3615 1180 3656 a
1199 3593 1306 3658 Nonio

47 3699 163 3767 citatis
192 3700 324 3765 dicenda
349 3704 439 3779 sunt,
468 3699 502 3762 in
525 3697 663 3784 Verm'lii
688 3700 780 3764 libris
805 3696 988 3764 sufficiebat
1011 3700 1051 3765 ad
1075 3722 1152 3764 usus
1176 3703 1307 3764 nostros

46 3811 231 3893 apparatus
264 3807 306 3871 ab
335 3806 371 3872 0.
399 3806 614 3871 Ribbeckio
643 3810 789 3888 coactus,
821 3827 921 3888 eoque
950 3806 1055 3891 magis
1085 3806 1170 3890 quod
1197 3829 1238 3871 ne
1267 3808 1306 3871 ad

45 3912 197 4000 Vergilii
216 3913 345 3998 quidem
364 3917 488 3978 textum
505 3914 742 3980 restituendum
763 3915 865 3978 multa
885 3913 1134 3997 suppeditantur
1152 3935 1171 3977 a
1192 3912 1307 3979 Nonio.

143 3997 368 4086 In⁸Varronia
402 4021 483 4085 locis
516 4021 719 4087 recensendis
752 4020 978 4106 percommode
1011 4021 1130 4104 evenit,
1163 4021 1248 4106 quod
1277 4026 1308 4085 et

43 4127 216 4193 librorum
230 4127 269 4192 de
283 4149 317 4191 re
331 4126 452 4192 rustica
466 4127 609 4193 recensio
624 4127 806 4191 Keiliana
821 4151 849 4190 a.
858 4124 1176 4191 MDOOOLXXXIV
1191 4130 1309 4193 emissa

44 4238 104 4301 eat
132 4237 170 4299 et
196 4235 387 4317 insequente
415 4234 531 4298 iterum
560 4233 682 4318 prodiit
705 4233 863 4298 librorum
887 4233 925 4296 de
949 4233 1061 4318 lingua
1085 4233 1187 4298 latina
1210 4235 1307 4299 editio

46 4338 330 4427 Spengeliana,
359 4344 453 4405 aucta
484 4340 542 4405 illa
565 4344 597 4404 et
620 4341 779 4405 instructa
804 4341 849 4404 ab
873 4339 1024 4404 Andrea
1048 4338 1265 4405 Leonhardi
1287 4342 1308 4405 f.

46 4446 275 4534 Spengelio.

143 4551 184 4618 In
213 4550 364 4618 Cicerone
397 4555 445 4618 usi
481 4576 591 4618 sumus
621 4554 829 4638 potissimum
857 4553 961 4618 altera
989 4554 1130 4620 editione
1158 4554 1310 4637 Orellii,

49 4681 152 4748 qnam
177 4662 254 4743 post
275 4657 371 4724 huius
395 4665 533 4725 mortem
552 4660 734 4725 Baiterus
758 4664 796 4723 et
814 4658 991 4725 Halmius
1010 4662 1248 4727 continuarunt.
1270 4698 1306 4706 -

52 4763 216 4850 Scriptori
244 4765 292 4830 illi
320 4787 391 4832 cum
422 4770 499 4852 post
525 4769 670 4852 priorum
699 4767 897 4832 saeculorum
927 4790 1018 4834 curas
1042 4768 1216 4852 plurimum
1241 4789 1312 4849 pro·

110 4878 175 4920 lton
190 4878 270 4921 lma
285 4876 309 4922 0.
323 4879 350 4921 D.
365 4880 400 4922 ed.
413 4880 439 4922 Ia
453 4880 582 4922 unauna.
1064 4876 1095 4924 19
