3098 5316
298 303 365 368 320
668 297 902 356 inveneram
920 296 1100 353 boulena,
1128 296 1176 352 VI.

299 467 366 531 sive
395 466 560 530 demendo.
605 464 643 528 ln
670 464 730 529 hac
754 464 856 550 igitur
878 468 971 547 parte
996 459 1172 547 aliquando
1196 460 1437 526 inconstantiae
1456 464 1531 529 nobis

297 573 419 639 crimen
443 571 689 657 deprecandum.

388 679 534 764 Denique
552 680 669 744 iterum
684 676 889 761 monendum,
908 675 946 739 de
961 697 1025 760 quo
1040 675 1106 740 iam
1121 675 1290 759 superiore
1305 675 1414 757 capite
1427 674 1531 760 dicun,

298 787 332 852 in
356 787 533 871 archetypo
552 784 652 851 Nonii
677 785 845 869 aliquanto
870 783 1024 867 pauciora
1045 804 1143 867 quam
1162 785 1317 867 expectes
1337 780 1437 846 videri
1453 783 1530 849 luisse

299 893 543 979 antiquissimae
567 890 821 978 orthographiae
845 890 1008 974 exempla,
1036 889 1223 976 etquidem
1246 911 1316 954 nou
1340 889 1530 975 librariorum,

300 1000 355 1064 sed
379 1000 477 1064 Nonii
501 1000 632 1084 eiusque
655 1004 827 1064 auctorum
850 996 954 1081 culpa

388 1106 477 1182 Quae
496 1107 530 1170 in
551 1106 681 1171 Graecis
702 1106 807 1189 posita
826 1109 920 1170 eraut
935 1104 1115 1170 subrustice
1134 1141 1174 1152 -·
1191 1104 1296 1170 veluti
1312 1126 1415 1189 paene
1429 1126 1527 1192 semper

300 1212 456 1277 traditum
482 1213 648 1296 Adelfis,
670 1211 889 1291 Formione,
912 1211 1065 1277 Finidis
1092 1248 1147 1296 -,
1175 1234 1215 1277 ea
1243 1213 1434 1298 plerumque
1459 1211 1526 1278 dubi·

300 1321 366 1383 tavi
396 1326 504 1384 utrum
534 1307 675 1385 libririis
703 1320 880 1384 tribuerem
903 1318 1070 1385 monachis
1094 1340 1136 1383 an
1159 1318 1224 1403 ipsi
1247 1316 1376 1401 Nonio,
1398 1316 1526 1385 Numidae

300 1425 486 1491 semidocto.
530 1426 657 1492 Placuit
685 1431 793 1491 tamen
818 1428 986 1493 cultiorem
1011 1425 1170 1491 scribendi
1194 1427 1323 1525 servari
1350 1448 1452 1510 usum,
1473 1449 1526 1493 eun

301 1533 491 1616 praesertim
525 1534 671 1599 codicum
703 1536 753 1599 vel
786 1535 984 1620 optimorum
1016 1534 1051 1598 in
1082 1533 1148 1597 illis
1180 1554 1248 1598 non
1278 1554 1321 1597 ea
1348 1555 1466 1618 semper
1487 1540 1526 1599 aut

302 1638 381 1703 fides
405 1639 449 1703 sit
472 1646 529 1704 aut
552 1641 750 1723 constantia,
776 1649 813 1707 ut
835 1639 1033 1706 testimoniis
1057 1661 1168 1705 eorum
1192 1640 1323 1704 tribuas
1345 1641 1479 1705 nimian.
1497 1677 1525 1689 -

302 1741 454 1809 Ceterum
478 1748 673 1813 conferenda
697 1770 779 1833 quae
802 1749 896 1814 initio
921 1753 996 1813 sunt
1019 1747 1106 1811 dieta
1127 1744 1250 1812 Indicis
1275 1751 1449 1814 auctorum

392 1852 507 1918 Restat
520 1858 557 1919 ut
571 1855 609 1920 de
623 1855 674 1921 his
689 1854 803 1938 dicam,
813 1877 894 1941 quae
910 1875 1025 1939 graeco
1041 1857 1193 1919 constant
1208 1875 1369 1920 sermone.
1396 1853 1444 1919 Ea
1456 1876 1527 1940 saepe

302 1958 386 2042 apud
411 1959 564 2044 Nonium,
587 1966 623 2026 ut
646 1965 680 2027 et
701 1963 735 2026 iu
759 1962 832 2027 aliis
856 1962 956 2046 libris,
979 1961 1097 2027 litteris
1120 1981 1278 2045 expressa
1303 1960 1422 2025 latinis.
1462 1960 1528 2038 Quae

303 2065 463 2132 scribendi
492 2069 624 2134 licentia
652 2069 825 2154 aliquando
855 2069 992 2134 anobis
1016 2068 1172 2151 admissa,
1200 2068 1264 2133 etei
1289 2067 1425 2152 abipso
1447 2065 1530 2133 Nonio

303 2191 419 2256 graeca
442 2173 509 2239 fere
529 2197 645 2262 graece
664 2197 818 2260 expressa
837 2175 1056 2260 compluribus
1075 2173 1223 2239 codicum
1241 2173 1350 2260 signis
1367 2174 1530 2260 indiciisque

303 2279 443 2344 adducor
462 2287 498 2347 ut
517 2284 653 2348 credam.
691 2282 893 2367 Quamquam
912 2282 1027 2347 leviter
1044 2302 1117 2345 eum
1131 2279 1301 2346 imbutum
1314 2279 1415 2345 irrisae
1426 2281 1531 2367 linguae

303 2406 437 2471 graecae
462 2389 587 2473 peritia,
612 2393 649 2454 ut
671 2387 911 2475 Terentianum,
933 2389 1124 2474 popularem
1147 2389 1218 2454 eius
1242 2393 1279 2454 ct
1302 2388 1474 2474 aequalem,
1493 2389 1531 2473 qui

302 2494 372 2577 ipse
396 2494 428 2559 id
451 2496 630 2579 profitetur,
653 2518 717 2560 non
742 2500 852 2579 potest
875 2496 1024 2562 dubitari.

391 2600 430 2666 ln
454 2601 596 2681 Graecis,
622 2603 688 2667 sire
712 2622 826 2686 graece
850 2602 918 2667 sive
943 2604 1041 2668 latine
1064 2606 1174 2668 essent
1198 2606 1346 2687 exarata,
1369 2607 1488 2668 senata
1506 2611 1531 2667 ut

302 2706 478 2790 plurimum
502 2709 648 2773 codicum
672 2711 868 2792 optimorum
893 2711 1059 2794 scriptura.

392 2814 557 2879 Hactenus
586 2817 624 2879 de
653 2816 894 2902 orthographia.
941 2817 979 2881 ln
1008 2840 1071 2901 qua
1095 2838 1157 2901 ego
1182 2817 1415 2882 constituenda
1435 2818 1529 2901 pariter

301 2922 381 2985 illud
402 2922 511 2985 studui
532 2926 568 2986 ut
586 2927 743 3006 quantum
763 2928 873 3007 posset
892 2925 960 2987 fieri
980 2924 1119 2989 maxime
1140 2924 1322 2987 satisfieret
1336 2925 1415 2988 artis
1428 2924 1526 3009 legibus

303 3051 383 3094 neve
408 3029 569 3093 morosius
594 3031 771 3114 exiliusque
796 3036 929 3095 venatus
954 3053 1024 3095 esse
1048 3031 1175 3094 viderer
1200 3030 1370 3095 minutias.

392 3137 498 3220 Atque
527 3159 637 3201 omnes
667 3138 810 3202 monitos
839 3138 934 3202 velim
965 3137 1090 3221 doctos,
1118 3137 1174 3222 qui
1202 3161 1280 3202 cum
1304 3136 1521 3202 iucunditateet

302 3242 470 3308 commodo
500 3245 659 3327 cupierint
688 3245 734 3308 uti
764 3245 847 3309 libro
871 3246 945 3326 hoc,
973 3267 1012 3309 ne
1036 3245 1132 3308 nimis
1158 3244 1247 3309 circa
1271 3246 1381 3328 apices
1404 3245 1517 3308 haereant

302 3356 514 3434 reputentque
551 3353 632 3416 illud
671 3353 755 3437 quod
793 3352 908 3416 dicitur
940 3352 973 3415 in
1007 3350 1117 3415 bibliis
1153 3350 1335 3416 litteram
1369 3350 1512 3427 occidere,

302 3457 503 3521 vivificare
536 3459 720 3541 spiritum
753 3481 817 3523 non
851 3459 889 3523 ad
923 3458 1096 3542 religiones
1126 3458 1234 3542 magis
1264 3464 1297 3523 et
1327 3480 1426 3522 mores
1448 3479 1507 3541 quau

301 3565 341 3629 arl
366 3565 474 3629 studia
498 3571 529 3628 et
553 3565 740 3648 disciplinas
764 3566 933 3650 pertinere.

389 3671 458 3735 ltei
486 3673 668 3736 metricae
696 3694 758 3756 quo
787 3674 919 3757 gravior
946 3674 980 3735 iu
1008 3672 1183 3756 plerisque,
1213 3672 1271 3755 qui
1300 3673 1383 3737 circa
1408 3669 1497 3735 Norica

301 3780 419 3843 versati
448 3783 538 3862 sunt,
566 3784 599 3843 et
627 3778 756 3844 inscitia
784 3779 846 3843 fuit
873 3783 906 3842 et
930 3780 1068 3863 incuria,
1096 3800 1135 3841 eo
1160 3779 1341 3862 impensius
1364 3802 1381 3843 a
1402 3798 1492 3842 meer-
1541 3842 1547 3855 ι

301 3887 421 3950 sultum
452 3886 503 3949 vix
532 3890 581 3950 est
610 3887 695 3970 quod
724 3886 834 3951 dicam.
880 3887 994 3971 ltaque
1022 3885 1102 3950 haec
1131 3907 1209 3970 pars
1237 3885 1357 3969 operis,
1382 3904 1487 3969 quacun

303 3994 462 4056 immerito
483 3993 662 4058 habebatur
681 3993 884 4077 difficillima,
904 3994 1001 4057 etiam
1021 3998 1119 4077 atque
1139 3993 1242 4056 etiam
1261 3997 1420 4057 retractate
1432 3995 1484 4073 rtqr
1527 4027 1545 4060 2,

302 4101 409 4163 omnia
433 4122 497 4164 non
523 4122 599 4165 cusu
622 4106 678 4164 aut
702 4100 846 4164 arbitriis
871 4103 1065 4184 temperata,
1088 4100 1144 4164 sed
1168 4104 1207 4164 ut
1231 4122 1348 4165 arcana
1370 4106 1396 4163 et
1411 4083 1479 4162 sehet
1522 4147 1541 4193 ·.³

301 4230 319 4270 a
339 4208 436 4291 vulgo
462 4206 648 4289 postulabat
672 4209 754 4273 ratio
779 4207 910 4272 musica.
1540 4221 1543 4225 ’

389 4314 432 4378 Et
452 4321 557 4378 cetera
578 4315 707 4398 quidem
728 4320 856 4397 praeter
871 4314 980 4379 Plauti
1000 4315 1128 4379 cantica
1147 4314 1307 4399 quaedam
1326 4318 1359 4378 ut
1370 4313 1474 4397 plurimu

300 4427 352 4485 sat
378 4421 465 4484 fuere
495 4426 646 4504 prompta
674 4422 714 4486 ad
744 4421 984 4505 expediendum.
1032 4420 1153 4487 Contra
1176 4421 1325 4506 ingentes
1346 4421 1375 4483 in
1393 4416 1472 4480 lanc

299 4550 408 4591 morae
442 4534 531 4592 ortae
565 4535 597 4591 et
629 4529 743 4613 tricae,
776 4551 840 4593 uon
874 4529 968 4593 modo
998 4529 1082 4613 quod
1112 4533 1219 4593 metra
1248 4527 1381 4593 adhibuit
1399 4528 1422 4586 et
1437 4521 1470 4604 ph

299 4636 380 4699 rima
414 4641 446 4699 et
483 4636 703 4700 diversissima
740 4657 776 4699 ac
815 4635 982 4699 doctorum
1015 4637 1069 4718 qui
1102 4633 1240 4700 Saturae
1272 4635 1337 4699 eius
1364 4628 1470 4695 murel
1515 4644 1548 4698 :ri

300 4744 402 4805 maior·
433 4766 507 4825 pars
536 4744 666 4828 ingenio
695 4743 758 4806 fuit
786 4764 917 4826 prorsus
946 4740 1094 4830 ἀμούσῳ,
1128 4743 1185 4806 sed
1215 4742 1300 4827 quod
1327 4741 1382 4820 ille,
1405 4728 1468 4799 llll
1512 4761 1529 4804 u
