3164 5326
264 281 329 344 242
650 279 885 335 ADVERSARIA
904 279 1083 335 Nonlnnn.
1112 279 1133 334 1.

354 445 494 509 Auctum
513 444 654 508 taedium
679 444 796 509 harum
818 466 926 509 rerum
950 465 997 521 eo,
1026 442 1110 527 quod
1132 443 1311 508 nonnullos
1337 466 1378 507 ex
1403 444 1530 527 eisqui

264 556 340 636 post
368 574 460 616 curas
489 557 618 616 nostras
646 551 679 615 in
708 549 823 616 Lucilii
852 550 978 616 Saturis
1007 555 1084 614 sunt
1111 550 1231 614 versati
1260 572 1327 614 nou
1358 554 1431 614 tam
1462 551 1528 615 veri

265 658 445 742 reperiendi
471 680 568 742 quam
592 680 721 743 quoquo
745 660 843 723 mode
867 656 1062 741 obloquendi
1085 657 1179 721 nobis
1204 657 1385 740 cupiditate
1411 656 1527 721 ductos

265 766 451 849 apparebat.
497 764 603 849 Igitur
626 763 790 848 pleraque,
813 765 845 828 in
870 765 986 849 quibus
1010 785 1049 826 ne
1073 762 1183 827 Zoilus
1208 765 1338 847 quidem
1364 762 1526 828 inveniret

265 873 350 958 quod
383 870 650 956 reprehenderet,
682 870 812 935 silentio
846 870 1058 954 transierunt,
1090 891 1213 934 errores
1246 892 1370 954 paucos
1406 893 1523 955 eosque

265 979 437 1043 maximam
468 981 592 1061 partem
622 977 759 1042 leviores
787 978 957 1043 immodice
985 977 1193 1063 exagitarunt
1222 979 1468 1063 plurimumque
1492 980 1521 1041 in

265 1086 311 1150 eis
328 1108 362 1149 se
380 1086 553 1162 iactarunt,
567 1107 648 1169 quae
662 1085 713 1148 vel
727 1078 888 1150 tenuitate
902 1085 1109 1170 reliquiarum
1125 1086 1175 1149 vel
1191 1086 1356 1170 gravitate
1369 1086 1521 1151 vitiorum

265 1198 330 1256 tam
364 1193 503 1257 obscura
535 1196 614 1256 sunt
646 1197 680 1255 et
710 1192 878 1276 intricata,
910 1214 975 1257 non
1009 1214 1160 1276 umquam
1194 1197 1231 1255 ut
1265 1192 1366 1255 liceat
1395 1213 1521 1275 sperare

266 1304 387 1363 certam
411 1321 544 1383 prorsus
568 1304 601 1363 et
624 1304 787 1364 carentem
810 1300 907 1369 dnbio
931 1301 1017 1364 viam
1040 1300 1181 1363 futuram
1202 1320 1240 1362 ea
1258 1298 1463 1382 expiediendi.
1482 1334 1521 1344 -

267 1405 374 1489 Atque
407 1405 468 1471 hoc
501 1407 570 1470 loco
599 1412 728 1490 praeter
757 1406 996 1489 Franckenum,
1028 1426 1123 1489 quem
1152 1405 1215 1468 iam
1244 1404 1279 1468 in
1309 1405 1379 1467 vita
1408 1404 1519 1469 Lucilii

266 1511 460 1594 punivimus,
486 1512 626 1576 maxime
650 1513 806 1576 memoria
828 1512 919 1596 digni
940 1533 977 1577 ac
997 1512 1086 1576 velut
1104 1511 1243 1595 exempli
1262 1533 1363 1576 causa
1382 1511 1519 1595 ponendi

266 1618 485 1683 Buechelerus
522 1641 559 1684 ac
591 1618 801 1684 Ribbeckius.
848 1618 894 1682 Et
930 1619 969 1683 de
1005 1620 1066 1684 hoc
1104 1617 1233 1704 quidem
1271 1619 1380 1683 dicere
1414 1640 1519 1703 auper-

268 1746 453 1791 vacaneum.
501 1729 546 1790 At
578 1725 809 1807 Buechelerus,
848 1724 887 1789 de
924 1746 988 1810 quo
1026 1726 1160 1789 meliora
1197 1747 1424 1809 speraveram,
1460 1748 1519 1811 quo

265 1830 385 1896 iudicio
409 1837 578 1917 grassatus
602 1833 659 1916 sit,
688 1855 752 1916 qua
774 1832 851 1915 fide,
875 1835 912 1895 ut
933 1833 1121 1916 intellegas,
1149 1830 1229 1897 satis
1254 1833 1318 1896 erit
1341 1854 1520 1905 memorare

266 1960 339 2003 eum
367 1939 402 2002 in
429 1940 598 2004 tractando
623 1939 748 2004 Lucilio
777 1960 842 2001 non
866 1942 980 2002 nostra
1002 1938 1050 2002 uti
1074 1939 1229 2022 editione,
1259 1939 1315 2004 sed
1340 1940 1414 2024 illa,
1442 1961 1520 2023 quae

269 2045 455 2109 inscribitur
470 2042 520 2109 ‘O
541 2044 658 2109 Lucilii
678 2043 880 2109 Saturarum.
913 2043 1048 2109 Carolus
1063 2044 1291 2111 Lachmannus
1311 2044 1521 2122 emendavit',

268 2152 474 2236 eiusdemque
497 2175 556 2217 usu
579 2151 725 2218 imbuere
748 2173 879 2237 gregem
904 2173 1045 2217 auorum.
1082 2151 1182 2218 Cuius
1205 2175 1294 2218 nunc
1317 2160 1409 2219 certe
1430 2153 1520 2219 disci-

268 2259 349 2343 puli,
377 2261 496 2324 emisso
520 2259 596 2342 hec,
623 2282 717 2345 quem
741 2260 892 2324 manibus
917 2267 1021 2344 tenes,
1046 2260 1142 2342 libro,
1164 2265 1347 2343 agnoscent
1369 2283 1467 2344 quam
1491 2268 1521 2323 et

266 2366 377 2450 sagaci
401 2371 535 2431 utantur
557 2371 767 2451 praeceptere
791 2371 825 2431 et
849 2370 974 2432 veraci.-

355 2472 395 2536 In
417 2473 469 2537 his
493 2474 595 2557 igitur
619 2494 656 2537 ac
680 2474 801 2538 talibus
825 2474 991 2538 immorari
1015 2494 1119 2557 neque
1142 2474 1222 2538 utile
1243 2473 1327 2540 satis
1346 2474 1520 2539 lectoribus

267 2601 371 2662 neque
394 2580 488 2643 nobis
511 2579 663 2644 decorum
687 2579 865 2644 videbatur.

356 2686 405 2749 'l'u
428 2708 504 2751 vero
525 2686 632 2749 valere
651 2686 747 2750 iussis
766 2685 962 2751 Franckenis
982 2686 1253 2772 Buechelerisque
1272 2710 1312 2751 ac
1334 2688 1519 2754 Ribbeckiis

269 2794 418 2857 omuibus
442 2794 593 2857 editionis
617 2793 808 2876 LipsiensiS,
832 2797 1075 2878 qualiacumque
1098 2800 1156 2872 est,
1180 2796 1392 2859 continuabis
1417 2819 1521 2877 usum,

269 2923 364 2984 quam
397 2906 501 2964 totam
534 2901 566 2962 in
601 2908 745 2983 tempore
778 2902 970 2965 retractandi
1005 2923 1107 2985 neque
1141 2900 1283 2965 studium
1314 2904 1412 2968 nobis
1441 2904 1521 2968 derit

268 3029 371 3090 neque
395 3008 541 3071 facultaa
