3098 5316
322 326 409 393 QVID
429 328 452 381 11
472 324 1144 383 8111101110ΧἸΡΒΟΡΕΟΕΒΙΝΜΒΔΜΜ.
1164 344 1187 381 e.
1207 344 1232 396 q.
1252 343 1274 380 8.
1356 324 1422 390 279

160 491 296 574 notum,
318 491 402 556 8118
420 491 537 556 ceteris
556 490 705 574 exempla
724 490 889 575 supplevit
908 489 994 555 haud
1014 511 1092 554 sane
1110 512 1213 573 pauca
1232 526 1274 536 —
1295 489 1423 554 adiecta

160 592 250 662 haec
279 619 378 682 opera
404 595 539 661 Iucundi
564 594 774 679 Veronensis,
803 595 858 681 qui
883 596 918 660 iu
941 595 1049 662 Gallia
1071 594 1214 662 Nonium
1243 619 1315 663 cnm
1339 598 1422 661 anti·

162 700 242 787 quia
275 704 458 769 contulerat
490 704 727 788 exemplaribus
761 700 860 788 (unde
891 701 979 767 haud
1006 723 1080 767 raro
1108 686 1243 768 mirifice
1271 706 1423 768 convenit

161 807 309 876 Aldinae
336 832 408 875 curn
436 810 593 874 librorum
622 810 818 894 optimorum
846 809 1075 895 Lugdunensis
1105 813 1138 873 et
1161 808 1329 875 Harleiani
1357 811 1420 876 vir·

163 916 297 982 tutibus
324 918 374 982 vel
403 916 505 999 vitiis,
532 921 568 981 81
596 920 628 980 81
656 917 736 982 haec
764 917 814 980 rel
843 916 1035 999 apographa
1057 915 1133 980 inde
1157 915 1253 982 ductu
1276 916 1418 983 Iucundo

162 1020 210 1087 td
228 1044 361 1089 manum
383 1023 484 1088 fuisse
507 1021 676 1111 appareat)
695 1046 808 1089 -nec
832 1046 898 1088 non
916 1024 1117 1107 corruptelas
1137 1024 1270 1088 sustulit
1289 1025 1420 1089 multas.

260 1130 446 1211 Praeterea,
469 1128 555 1213 quod
578 1152 637 1196 nec
659 1132 766 1215 ipsum
790 1132 859 1195 lere
882 1130 1051 1214 meritum,
1074 1131 1115 1195 ab
1139 1129 1252 1196 eodem
1276 1130 1317 1195 ad
1341 1152 1419 1194 usus

162 1236 338 1322 aliquanto
366 1236 567 1304 commodior
593 1236 738 1303 redditus
761 1235 888 1303 Nonius
915 1241 948 1302 et
971 1236 1095 1303 adiecto
1118 1239 1290 1303 verborum
1314 1237 1420 1302 indice

164 1342 430 1429 locupletissimo
455 1348 488 1408 et
509 1345 704 1430 paginarum
728 1345 875 1410 versibus
899 1344 1029 1410 notatis.
1066 1343 1158 1422 Quod
1181 1345 1297 1410 merito
1317 1343 1420 1410 secuti

164 1455 249 1516 suut
270 1452 474 1536 posteriores.

263 1559 371 1642 Aeque
399 1579 472 1622 cum
501 1556 563 1622 hac
585 1555 741 1641 editione,
769 1578 849 1641 quae
873 1580 901 1622 a
928 1558 1011 1623 1511
1037 1562 1088 1622 881
1109 1558 1249 1641 repetita
1271 1557 1421 1622 8811881

163 1663 297 1729 videtur
333 1664 514 1730 mutatione
549 1662 650 1747 facta,
685 1662 752 1728 fere
789 1665 959 1729 convenire
991 1663 1164 1729 Basiliensi
1201 1685 1230 1727 a
1265 1662 1348 1728 1521
1387 1668 1420 1728 81
1520 1732 1524 1739 ,

162 1768 310 1837 Iacobus
338 1770 499 1836 Beckerus
532 1769 701 1836 adnotavit
732 1773 766 1834 in
798 1773 943 1856 margine
977 1771 1166 1855 exemplaris
1199 1769 1285 1853 quod
1317 1791 1421 1852 nuper

162 1879 357 1963 paravimus
389 1885 422 1942 et
454 1879 489 1942 in
519 1876 722 1962 praefatione
755 1879 838 1960 eius,
871 1900 953 1963 quae
987 1878 1113 1963 aliquot
1145 1878 1239 1942 annis
1267 1880 1344 1961 post
1371 1881 1421 1940 881

164 1985 303 2068 amissa
329 1983 417 2050 haud
441 1984 576 2050 obscure
600 1982 796 2069 significavit
819 1984 1013 2050 Valentinus
1037 1983 1143 2050 (18818.
1190 1981 1249 2049 Oui
1272 2004 1345 2047 cum
1369 2005 1421 2047 er·

162 2092 363 2176 probratnm
396 2095 494 2174 esset,
525 2090 611 2174 quod
643 2091 743 2157 nimia
776 2101 862 2157 cum·
881 2091 941 2156 fide
970 2091 1046 2156 Aldi
1080 2095 1241 2157 servasset
1272 2089 1420 2174 vestigia,

163 2218 196 2265 8.
223 2199 310 2264 1526
332 2220 436 2264 norae
458 2197 679 2263 instituendae
701 2199 882 2265 recensioni
906 2198 1057 2264 adhibuit
1080 2198 1305 2264 Michaelem
1325 2194 1418 2260 Ben-

160 2304 307 2387 tinum‚
337 2304 392 2389 qui
425 2303 545 2368 additis
577 2304 611 2366 in
644 2303 708 2368 fine
741 2307 847 2389 operia
880 2305 1138 2387 commentariis,
1175 2304 1257 2370 88118
1289 2303 1434 2388 quidem>

161 2408 332 2495 brevibus,
355 2432 429 2476 cnm
452 2409 627 2494 aliquando
651 2411 815 2477 laberetur
838 2411 966 2496 iudicio,
989 2414 1074 2479 idem
1094 2412 1174 2477 88118
1193 2411 1296 2476 multa
1315 2433 1420 2475 ernen-

162 2515 260 2583 davit
287 2517 356 2582 8818
381 2516 449 2581 fere
472 2538 549 2580 usus
572 2515 714 2601 ingenio.
760 2517 847 2584 Nam
870 2541 951 2604 quos
975 2523 1135 2585 memorat
1159 2518 1295 2583 subinde
1318 2519 1419 2583 libros

162 2628 200 2688 et
223 2623 465 2689 recentissimos
488 2623 589 2687 fuisse
613 2629 645 2688 et
668 2627 931 2709 corruptissimos
955 2627 1049 2693 facile
1074 2629 1217 2710 apparet

258 2729 359 2797 08188
382 2728 624 2815 Castigationes
652 2733 685 2796 in
708 2732 865 2817 Nonium,
889 2758 970 2819 quas
993 2733 1174 2818 inscripsit,
1197 2732 1325 2797 additae
1349 2755 1419 2797 esse

163 2836 318 2903 dicuntur
340 2838 382 2902 ab
405 2836 491 2901 Aldo
515 2837 647 2902 editioni
671 2840 711 2922 ei,
734 2862 816 2925 quae
840 2863 867 2906 a.
893 2842 977 2907 1527
1002 2840 1130 2925 prodiit

257 2943 448 3031 Fulgentius
471 2944 612 3027 primum
636 2945 770 3012 editioni
789 2945 972 3025 Basiliensi,
995 2970 1077 3033 qnae
1097 2970 1126 3011 8.
1147 2946 1233 3012 1532
1251 2947 1419 3032 publicata

164 3072 187 3116 a
209 3050 386 3116 Valentino
411 3047 550 3115 Curione
579 3074 652 3116 cum
676 3052 797 3139 Nonio,
825 3057 862 3116 ut
885 3075 912 3118 a.
939 3054 1036 3136 1526,
1065 3053 1248 3137 Perottum,
1276 3052 1418 3138 Festum,

164 3155 349 3223 Varronem
379 3157 536 3239 continet,
570 3157 697 3221 additus
725 3180 796 3223 esse
825 3160 940 3243 fertur,
972 3165 1042 3224 tum
1070 3161 1112 3224 ab
1140 3161 1215 3225 aliis
1244 3162 1278 3224 in
1307 3162 1417 3227 eadem

164 3264 363 3349 scriptorum
391 3263 541 3348 congerie
569 3265 742 3348 repetitus,
770 3265 871 3331 donec
898 3267 1028 3331 omissis
1052 3267 1182 3331 relicuis
1206 3289 1226 3332 8
1248 3265 1342 3332 18818
1366 3268 1419 3332 ad·

164 3370 319 3437 haereret
340 3370 459 3437 Nonio.

255 3476 385 3544 Novum
423 3484 532 3543 autern
570 3478 728 3563 longeque
761 3479 864 3545 maius
896 3481 1132 3546 incrementum
1164 3502 1278 3566 cepere
1311 3480 1419 3545 studia

163 3584 321 3652 Noniano
351 3588 427 3670 post
458 3606 540 3650 saec.
571 3583 650 3648 XVI
683 3584 837 3669 medium,
870 3609 952 3671 quae
985 3587 1175 3654 continuata
1208 3590 1284 3651 aunt
1317 3586 1357 3651 ad
1390 3608 1418 3650 8.

162 3692 231 3759 fare
257 3693 354 3759 1650.

255 3798 342 3865 Nam
374 3799 460 3864 circa
492 3797 555 3863 hoc
586 3803 715 3882 tempus
749 3822 822 3866 oum
854 3800 888 3866 in
922 3799 1029 3866 Gallie
1062 3806 1094 3865 et
1121 3800 1254 3888 Belgico
1287 3803 1419 3865 exortus

160 3910 251 3973 88881
283 3906 440 3971 mirificus
473 3926 564 3970 amor
597 3912 765 3970 auctorum
798 3907 1096 3991 antiquissimorum
1131 3908 1321 3986 latinorum,
1355 3927 1417 3991 quo

159 4013 265 4079 etiam
285 4011 441 4078 Germani
464 4012 559 4077 vicini
583 4013 680 4078 tracti
703 4012 847 4098 adeoque
866 4013 952 4097 Itali,
975 4017 1045 4077 tum
1068 4035 1145 4079 vero
1163 4012 1297 4098 plurimi
1315 4013 1419 4077 exorti

158 4120 284 4199 critici,
317 4119 373 4205 qui
404 4125 442 4184 ut
468 4119 609 4186 Varroni
641 4141 679 4184 ac
707 4120 805 4185 Festo
834 4122 1112 4205 glosariornmque
1140 4121 1342 4204 auctoribus,
1372 4120 1418 4185 ita

156 4226 274 4295 Nonio
301 4226 552 4311 diligentissime
581 4227 804 4311 impenderent
831 4249 975 4311 operam,
1004 4232 1036 4291 81
1063 4228 1191 4309 quidem
1216 4228 1417 4293 fructuosam

156 4335 261 4420 adeo,
292 4338 330 4399 81
361 4334 495 4399 dubium
528 4335 584 4418 811,
617 4356 807 4400 8888888888
840 4335 962 4399 maiore
994 4357 1062 4399 rem
1095 4333 1321 4400 difficillimam
1352 4334 1418 4398 sint

157 4441 315 4529 aggressi
339 4462 381 4505 an
404 4447 530 4507 conat.
1328 4459 1331 4463 ’

254 4546 319 4625 Qui
347 4569 540 4634 quamquam
569 4571 670 4633 neque
700 4547 864 4614 codicibus
888 4549 968 4613 satis
992 4554 1086 4614 erant
1108 4550 1259 4615 instructi
1282 4548 1417 4633 aliisque

155 4654 337 4738 subsidiis,
370 4655 487 4741 quibus
519 4678 605 4722 nunc
638 4677 733 4738 aegre
765 4660 877 4720 carent
908 4654 1008 4740 docti,
1039 4677 1143 4740 neque
1176 4658 1232 4720 881
1264 4654 1417 4721 metricae

155 4763 410 4833 vetustissimae
429 4784 468 4828 ac
485 4763 656 4848 prosodiae
675 4761 757 4826 satis
776 4761 868 4846 gnari
886 4765 942 4826 aut
956 4767 1216 4847 comparatorum
1231 4760 1416 4846 linguarum
