3164 5326
283 309 324 373 78
717 310 854 365 NONIVS
873 309 1089 364 MARCELLVS

281 403 308 441 ss
322 401 346 439 nr

370 492 537 538 nurerum
572 480 605 537 et
636 492 792 538 insumul
827 497 862 537 ex
896 496 960 538 uua
990 473 1190 557 proprietate
1222 474 1344 539 habent
1380 474 1530 539 vocabuli

282 602 425 665 eausam,
457 586 513 645 aut
541 581 677 646 exolutis
705 581 839 665 pedibus
871 587 927 645 aut
952 580 1105 665 inligatis.
1152 579 1289 645 Sisenna
1319 580 1442 647 Hister.
1471 581 1565 647 libs

283 686 362 751 llll:
388 690 528 753 inermos
553 688 682 766 armati,
711 688 872 770 inpeditos
897 686 1035 771 expediti
1060 689 1129 752 sine
1153 687 1221 751 ullo
1244 708 1375 752 suorum
1400 689 1530 753 vnlnere

283 800 414 860 eunetos
439 797 644 861 interficiunt.

371 920 587 967 insusurras
613 907 689 967 sunt
711 903 783 968 loea
804 902 838 966 in
857 900 1010 965 aedificiis
1030 904 1201 985 camerata,
1223 900 1263 964 ad
1283 902 1530 968 similitudinem

283 1010 472 1093 aquatilium
506 1010 717 1092 testudinum,
757 1030 839 1092 quae
871 1007 959 1072 duris
992 1007 1176 1091 tergoribus
1210 1014 1287 1072 sunt
1319 1012 1352 1072 et
1378 1010 1530 1074 ineurvis.

282 1116 446 1200 Vergilius
472 1117 634 1182 Aeneidos
658 1117 713 1180 lib.
737 1114 766 1178 l:
1554 1125 1573 1169 1⁴

440 1238 591 1293 inferibus
610 1238 707 1305 divae,
725 1237 818 1291 media
836 1235 976 1290 testudine
995 1236 1103 1304 templi.

370 1349 507 1413 Sisenna
518 1348 735 1413 Historiarum
747 1347 803 1411 lib.
818 1344 897 1410 llll:
917 1343 1016 1408 Gaius
1027 1344 1167 1409 Titinius
1183 1346 1341 1431 queidam,
1356 1348 1407 1411 eui
1424 1349 1533 1413 minus

282 1457 439 1520 sobrietas
459 1457 577 1521 mentis
597 1457 638 1519 ab
657 1459 774 1519 natura
793 1452 913 1518 tradita
927 1451 1099 1535 videretur,
1118 1453 1223 1535 primo
1243 1459 1317 1518 ante
1332 1455 1532 1519 testudinem

282 1563 441 1645 eonst‘tit3
469 1562 581 1627 deinde
611 1564 689 1645 aput
717 1560 880 1625 consulem
908 1579 1037 1622 eausam
1067 1561 1164 1642 atque
1193 1562 1431 1625 exeusationem
1458 1584 1533 1645 pro-

282 1667 367 1733 ferre
391 1671 507 1754 eoepit.
1552 1676 1573 1723 1¹

370 1795 556 1842 rusruvsau
581 1781 631 1842 est
651 1775 781 1858 inmitti,
805 1775 896 1858 quasi
915 1773 987 1838 sinu
1007 1774 1116 1857 accipi.
1155 1772 1292 1838 Sisenna
1309 1773 1532 1841 Historiarum

287 1885 342 1949 lib.
362 1884 441 1949 llll:
464 1874 580 1969 agmen
600 1884 824 1967 perturbatum
844 1881 967 1965 pedites
986 1880 1155 1945 insinuant
1174 1903 1211 1946 ae
1230 1881 1302 1947 loeo
1321 1885 1464 1947 movent.

371 2008 536 2055 suonuua
566 1991 700 2054 verbum
729 1994 778 2053 est
805 1989 934 2073 proprie
964 2008 1055 2052 saera
1082 1986 1295 2071 reddentium,
1323 1989 1408 2072 quod
1432 1990 1532 2075 signi·

284 2099 359 2162 lieat
387 2100 472 2162 votis
501 2098 550 2160 vel
581 2096 870 2181 supplicationibus
900 2117 1020 2159 numen
1049 2095 1175 2159 auctius
1202 2094 1321 2177 faeere,
1354 2100 1391 2159 ut
1419 2099 1471 2160 est
1498 2097 1532 2161 in

282 2204 396 2268 isdem:
425 2208 546 2268 macte
574 2210 668 2268 esto.
714 2207 747 2267 et
774 2201 920 2286 intellegi
948 2200 1043 2264 debet
1071 2200 1113 2265 ab
1135 2224 1173 2266 eo
1197 2201 1281 2284 quod
1305 2204 1355 2265 est
1378 2200 1533 2287 adolevit,
1550 2210 1573 2258 2(

282 2310 315 2374 id
339 2317 390 2374 est
412 2311 522 2392 erevit,
544 2314 578 2373 et
601 2308 789 2393 adultum,
812 2307 898 2393 qnod
923 2312 972 2372 est
995 2310 1124 2372 suetum
1144 2315 1177 2372 et
1195 2312 1252 2372 aut
1270 2312 1379 2373 aetate
1399 2314 1457 2374 aut
1476 2312 1533 2374 ali·

283 2440 346 2501 qua
379 2439 475 2481 aalma
507 2416 612 2480 maius
643 2416 741 2481 solito
770 2416 904 2498 laetum,
935 2413 1050 2478 dueere
1079 2415 1321 2498 proprietatem.
1369 2414 1533 2500 Vergilius

286 2523 447 2588 Aeneidos
472 2523 527 2587 lib.
547 2522 575 2587 l:

444 2661 511 2698 eura
529 2661 632 2713 penum
652 2647 758 2698 struere
778 2647 808 2696 et
826 2643 944 2696 flammis
965 2643 1076 2697 adolere
1095 2646 1219 2711 penates.

372 2756 456 2819 idern
480 2756 513 2818 in
538 2755 688 2837 septimo:

685 2874 780 2929 adolet
799 2890 861 2926 eum
881 2871 983 2927 altaria
1002 2874 1103 2939 taedis3

377 2993 409 3050 et
432 2988 465 3049 in
490 2985 664 3050 Bucolicis:

373 3222 525 3276 bSisenna
552 3222 623 3275 Hist.
648 3219 684 3273 lV
708 3223 717 3288 ΙΙ
743 3226 775 3273 10
801 3221 825 3285 l,
851 3225 903 3272 000
926 3222 935 3287 ΙΙ
960 3226 992 3272 12
1017 3220 1134 3274 Sisenna
1161 3221 1231 3276 llist.
1263 3221 1296 3273 lV
1320 3226 1330 3290 l
1356 3230 1387 3275 10
1417 3224 1534 3280 Sisenna

286 3301 481 3370 uissrvres
503 3299 865 3370 iterumiterum
890 3298 962 3366 vili,
984 3306 1025 3352 us.

372 3535 390 3588 4
414 3533 515 3602 irnped.
543 3533 597 3603 L„
625 3532 661 3585 11.
688 3563 720 3571 -
747 3531 765 3584 0
788 3530 920 3586 exsolutis
949 3533 992 3599 ll,
1021 3534 1054 3586 d.
1081 3565 1112 3572 -
1142 3533 1211 3601 illig.
1241 3534 1292 3604 L„
1322 3534 1368 3603 H,-
1395 3543 1464 3604 preto
1493 3538 1534 3593 in-

284 3614 404 3683 plicatis.
430 3645 463 3653 -
486 3611 627 3667 Historiae
657 3612 716 3665 edd.
742 3643 774 3652 -
798 3612 816 3664 0
839 3610 941 3665 armati
968 3613 1049 3681 [aas
1077 3617 1169 3666 armat
1197 3615 1256 3668 edd.
1283 3644 1312 3652 -
1340 3616 1357 3664 8
1382 3632 1399 3667 u
1428 3615 1478 3686 L,
1503 3650 1533 3657 --

285 3696 319 3749 11
345 3700 403 3749 tum
428 3694 446 3747 s.
475 3694 551 3763 Verp.
577 3724 609 3732 —
639 3692 675 3747 12
699 3693 838 3748 Tintinius
867 3693 925 3761 ll,;
954 3692 1093 3747 'l'itinnius
1121 3694 1174 3764 L„
1205 3693 1238 3746 G.
1269 3725 1299 3732 —
1330 3692 1415 3747 Gaius
1443 3696 1534 3750 'l'itius

284 3776 343 3829 coll.
374 3774 448 3828 Cass.
482 3774 566 3828 Dion.
604 3775 683 3841 seper.
723 3778 776 3827 100
808 3790 855 3842 pp.
889 3777 926 3824 00
959 3774 997 3826 ed.
1031 3773 1141 3826 Beleia.
1175 3775 1353 3841 probabiliter
1387 3777 1536 3832 urlurodum

287 3855 394 3909 Petrus.
419 3885 450 3894 —-
475 3855 618 3922 qneidam;
642 3853 763 3922 quadam
787 3853 842 3922 1113
867 3851 982 3919 quidam
1004 3854 1059 3907 rell.
1080 3883 1114 3892 -
1140 3852 1175 3907 13
1199 3853 1335 3908 sobrietas
1359 3854 1408 3922 M,·
1432 3859 1534 3911 mentis

284 3935 349 3988 less.
374 3934 480 4003 (sobria
503 3952 580 3988 mens
602 3935 644 3988 Μ.
664 3936 836 4002 1101010031,-
854 3932 1011 4000 proprietas
1031 3933 1119 3986 menis
1137 3934 1196 3988 cdd.
1215 3964 1251 3972 —
1268 3934 1422 3988 notandum
1440 3938 1487 3991 lu'e
1504 3946 1535 3993 ut

285 4017 316 4068 ia
341 4016 405 4067 aliis
428 4016 521 4068 multis
540 4016 671 4070 Siserrnae
694 4014 855 4083 [reparatis
872 4018 1023 4068 contortum
1040 4020 1065 4068 et
1084 4016 1240 4080 alienatum
1258 4014 1369 4069 dicendi
1385 4031 1480 4083 persus.
1501 4049 1533 4058 -

285 4092 321 4146 14
345 4093 492 4146 constituit
514 4093 565 4163 H„
587 4124 622 4134 -
646 4094 721 4163 apud
746 4093 769 4148 0
791 4111 835 4162 pr.
860 4093 908 4161 L,.
929 4124 960 4131 -
983 4093 1106 4161 prolerre
1130 4093 1262 4159 Rotbirrs,
1291 4094 1432 4164 praeferre
1456 4114 1481 4151 e.
1503 4129 1534 4139 -

285 4174 322 4227 10
342 4174 484 4226 insinuare
506 4174 698 4243 Quielreratua
717 4170 854 4226 insinuari
875 4174 933 4226 edd.
956 4203 986 4210 -
1006 4173 1073 4226 inm.
1093 4174 1146 4243 L„
1166 4175 1207 4229 ed.
1226 4175 1309 4238 Bas.,·
1327 4175 1403 4232 imm.
1423 4179 1482 4232 rell.
1503 4210 1536 4219 —

287 4254 320 4307 11
341 4251 444 4324 peditis
469 4252 497 4307 0.
517 4255 633 4308 -loeo
656 4256 771 4308 movent
794 4253 842 4320 11,·
865 4253 882 4304 l.
908 4256 1085 4306 commovent
1108 4270 1132 4306 v.
1156 4284 1192 4292 —
1215 4254 1252 4307 18
1276 4257 1311 4320 ef.
1334 4258 1389 4309 217
1412 4257 1533 4313 adolere.

287 4365 318 4374 -
339 4338 381 4387 est
405 4351 455 4387 ons.
474 4335 520 4404 1,
542 4366 573 4374 -
595 4335 632 4388 10
655 4333 700 4388 vel
719 4334 795 4401 Lll,
819 4333 909 4387 Paris.
930 4336 1015 4398 7665,
1034 4337 1068 4400 0,·
1092 4349 1125 4385 ae
1145 4334 1227 4401 Ian,
1255 4334 1304 4387 Me
1323 4339 1390 4401 (aare
1407 4339 1536 4406 priores),

285 4417 324 4467 erl.
345 4415 423 4480 Bae,
441 4431 530 4468 errore
548 4420 579 4468 ut
594 4419 663 4482 puto
681 4429 788 4481 ornam
811 4428 896 4480 nepus
914 4427 946 4464 ee
964 4428 993 4464 re
1011 4414 1083 4480 quod
1100 4429 1133 4466 ae
1152 4412 1243 4484 Inepd.
1263 4415 1334 4468 veiled
1353 4434 1372 4468 a
1390 4418 1471 4470 nobis
1489 4435 1536 4473 no·

286 4500 372 4548 tutem
395 4495 503 4559 firmari
525 4494 596 4547 illud
619 4510 652 4547 ae
674 4493 770 4546 (terent
792 4492 858 4546 libri
880 4492 1009 4546 Danielis
1031 4499 1056 4547 et
1079 4492 1192 4548 Gelbert.
1213 4525 1245 4533 -
1267 4527 1299 4533 —
1323 4495 1362 4549 20
1384 4496 1496 4552 hisdem
1516 4499 1539 4553 G

285 4592 327 4642 pr.
347 4575 398 4643 11,.
416 4604 447 4612 -
464 4573 554 4625 macte
573 4573 591 4625 ί.
611 4589 631 4626 e.
651 4572 742 4641 magis
761 4574 855 4636 auete;
874 4572 909 4638 ef.
923 4577 985 4628 247.
1004 4605 1033 4611 —
1050 4573 1193 4644 intellegi3
1213 4593 1228 4627 e
1246 4576 1361 4630 abatem
1375 4594 1409 4630 m.
1425 4584 1442 4631 2
1458 4580 1536 4634 arae

285 4672 365 4709 nasu
393 4655 442 4709 litt.
467 4653 504 4705 11.
535 4683 567 4690 -
592 4652 627 4705 21
658 4655 707 4704 aut
734 4654 828 4705 aetate
856 4651 989 4720 Iapetum
1022 4655 1105 4707 aucta
1128 4656 1182 4708 aet.
1208 4655 1267 4710 edd.
1293 4687 1325 4695 -
1350 4655 1388 4709 ⁶24
1413 4676 1536 4727 poenum

287 4734 340 4802 L„
372 4735 420 4802 ll,.
447 4765 476 4770 —
502 4730 539 4784 20
567 4734 601 4798 es.
629 4735 684 4785 247
711 4730 834 4797 adolere;
862 4735 917 4787 440
939 4734 1062 4789 castitas.
1086 4765 1119 4774 —
1144 4734 1293 4804 adoletque
1317 4736 1373 4806 H„
1401 4737 1443 4807 G3
1469 4740 1535 4792 dnm
