3098 5316
348 335 397 391 DE
415 334 639 391 RATIONIBVS
659 334 845 392 EDITIONIS
864 334 985 391 flvlvs.
1227 333 1292 397 327

126 499 236 586 Atque
264 504 302 567 ut
330 500 478 584 exemplo
506 500 758 584 demonstretur,
787 498 864 583 quid
892 499 1022 563 intersit
1049 499 1136 564 inter
1161 502 1291 563 nostras

25 602 182 672 rationes
214 608 249 670 et
280 606 507 692 plerorumque
540 607 595 691 qui
626 606 689 671 hoc
721 605 850 671 saeculo
882 605 935 670 vel
963 604 1064 670 Nonii
1090 605 1212 670 librum
1240 604 1291 669 vel
1320 603 1322 606 ’

27 708 223 797 fragmenta
246 713 316 778 eius
339 735 438 798 opera
462 716 592 778 servata
614 735 686 778 cum
711 716 870 795 apparatu
894 712 1006 777 critico
1030 711 1210 794 ediderunt,
1237 712 1291 777 ad·

27 818 177 884 scribam
196 820 335 904 paucula
354 820 512 906 quaedam
527 820 660 886 Pacuvii
679 824 712 883 et
727 818 817 883 Accii
837 818 947 904 qualia
966 819 1050 903 apud
1064 841 1124 884 uos
1139 819 1291 903 leguntur

28 928 68 991 ot
91 926 204 1012 qualia
226 928 312 1012 apud
331 926 545 993 Ribbeckium
569 928 680 992 addita
700 926 858 992 varietate
877 925 1036 990 lectionis.
1075 923 1123 990 Ea
1141 924 1290 990 feruntur

16 1050 112 1118 mg.
138 1033 203 1098 262
226 1039 259 1097 et
283 1033 349 1098 234
373 1055 397 1098 s.
421 1035 441 1098 l.
466 1033 695 1099 ‘consternari'
719 1038 751 1098 et
774 1032 911 1117 ‘aptus’.
936 1071 975 1080 —
1000 1032 1116 1117 Itaque
1140 1054 1211 1097 nos:

210 1155 230 1208 Ι.
259 1156 445 1222 consternare,
465 1155 575 1210 anime?
595 1171 629 1210 ex
648 1157 760 1224 pectore
779 1155 832 1210 hoc
851 1155 990 1210 scublvitc

128 1274 144 1299 0
257 1243 406 1298 consilium
425 1244 563 1313 subitum,
581 1246 625 1300 res
643 1245 720 1314 quod
738 1247 850 1299 enatant
867 1246 966 1312 modo,
994 1257 996 1260 ·

258 1332 306 1402 qui
325 1334 410 1403 pacto
428 1331 550 1388 inimicis
567 1336 686 1389 mortem
705 1337 734 1389 et
752 1332 818 1388 huic
837 1334 926 1389 vitam
945 1332 1054 1389 offeras.

194 1441 228 1494 Il.
257 1439 370 1495 obviam
389 1440 449 1494 ensi
466 1440 497 1495 it.
524 1455 606 1509 quem
627 1440 777 1496 tdvorsum
795 1443 878 1510 aptus
897 1427 969 1495 {alter
987 1439 1018 1493 iu
1032 1444 1144 1511 promtu
1158 1443 1285 1510 occupat.

122 1566 149 1632 I.
181 1567 288 1632 anime
316 1565 459 1653 (animae
487 1567 580 1653 cdd.);
612 1570 824 1652 interroyandc'
849 1573 957 1634 notam
983 1570 1054 1633 ada.
1082 1565 1132 1634 Μ.
1156 1604 1198 1614 -
1227 1569 1288 1632 hoc

30 1673 176 1740 evolvite
199 1674 244 1738 Μ
263 1670 339 1760 (hoc
363 1673 511 1738 evolvere
534 1674 720 1761 Presserat),
743 1675 804 1739 hae
828 1674 926 1761 (hanc
952 1675 1029 1760 Gen,
1047 1676 1090 1759 B,
1107 1697 1158 1758 pr.
1176 1675 1231 1758 Η)
1255 1680 1288 1738 et

29 1780 163 1846 volvere
195 1779 268 1866 (seq.
298 1802 367 1845 con.
394 1816 431 1826 -
458 1782 603 1846 volveret
634 1785 705 1846 onte
736 1801 799 1846 roe.
826 1782 904 1859 Hs.;
938 1805 955 1847 e
986 1784 1129 1848 ultimum
1158 1784 1182 1863 f.
1209 1803 1248 1847 ea
1275 1781 1288 1844 i

24 1885 166 1976 ¹facttum)
188 1888 252 1954 odd.
269 1872 469 1953 -subitum
492 1892 521 1951 et
541 1909 569 1970 q.
593 1909 651 1969 seq.
674 1908 768 1970 usque
790 1890 834 1952 ad
853 1910 881 1952 v.
899 1894 919 1952 1
940 1909 997 1952 om.
1016 1888 1058 1954 B.
1076 1920 1114 1935 ἡ
1131 1888 1286 1971 subitum,

25 2012 82 2061 res
112 1995 200 2081 quod
230 2000 328 2060 enata
356 1998 406 2060 est
434 1995 529 2059 modo
561 1994 743 2076 Madoifflins
769 1994 898 2060 Advers.
926 1995 981 2078 ΙΙ,
1006 2000 1083 2071 661,·
1108 1996 1163 2072 Μ,·
1197 1996 1286 2059 subit

26 2120 144 2167 omnes
167 2098 276 2188 (omns
296 2101 378 2188 Gen)
403 2101 489 2185 quod
514 2101 631 2166 deusta
650 2105 700 2167 est
717 2102 813 2167 modo
834 2104 898 2167 αἰῶ.
917 2102 1026 2187 —qui
1047 2125 1078 2186 p.
1096 2102 1129 2184 O,
1149 2100 1225 2166 Gen.
1245 2138 1281 2147 -

25 2207 146 2273 offeras
172 2206 249 2286 Gen,
272 2209 338 2293 H,‚·
368 2208 509 2286 Vossiua;
533 2209 647 2274 efferas
670 2210 735 2275 rell.

119 2313 162 2379 ll.
195 2315 326 2381 obviam
354 2339 430 2382 ense
458 2315 589 2382 Grotius
615 2314 700 2402 (ensi
730 2317 959 2402 Qeichcuatns);
987 2317 1014 2380 it
1039 2316 1175 2382 Boetius
1201 2318 1285 2381 curris

22 2422 169 2487 mundis
201 2418 346 2508 (obviam
379 2427 442 2505 est,
474 2426 565 2508 itque
595 2424 783 2508 advorsum,
816 2429 925 2508 aptus3
959 2424 1041 2487 alter
1067 2422 1102 2486 in
1130 2427 1282 2506 promptu

23 2525 196 2615 occupat),
223 2550 319 2612 quem
344 2532 399 2608 M;
429 2531 525 2595 obvia
552 2553 642 2597 mens
671 2532 766 2616 idque
791 2530 828 2616 0,
857 2532 933 2596 Gon.
960 2567 998 2578 -
1025 2534 1177 2613 promptu
1205 2528 1281 2595 Gen.

119 2636 165 2699 nt
187 2634 397 2702 Ribbeckius:

204 2758 225 2813 1.
253 2760 441 2825 consternare,
461 2758 562 2824 anime,
582 2776 616 2814 ex
635 2762 749 2829 pectore
768 2760 839 2815 aude
858 2759 987 2815 evolvere

251 2847 400 2902 consilium
419 2848 520 2916 subito,
540 2851 627 2916 mens,
646 2849 723 2918 qnod
742 2850 883 2904 enatumst
901 2849 997 2916 modo,

251 2936 300 3005 qui
319 2940 402 3007 pacto
420 2936 542 2992 inimicis
561 2940 681 2993 mortem
700 2940 730 2993 et
749 2938 813 2993 huic
832 2939 921 2993 vitam
940 2938 1048 2994 (afferas.

189 3042 224 3096 11.
251 3043 341 3116 [cum]
356 3045 496 3100 obviamst
508 3046 600 3113 adque
615 3046 763 3102 sevonum
778 3047 869 3116 aptus,
884 3046 957 3100 tlter
969 3045 1000 3098 in
1010 3033 1142 3115 promptu
1151 3046 1279 3114 occupat.

116 3169 142 3236 1.
174 3174 382 3237 consternare
415 3173 542 3237 animae
575 3195 613 3237 ex
640 3177 770 3258 pectore
797 3173 859 3239 hac
888 3179 921 3237 et
948 3174 1078 3238 volvere
1107 3174 1278 3237 consilium

18 3277 117 3343 nubit
139 3299 252 3343 omnes
276 3277 363 3362 quod
386 3279 425 3342 de
448 3282 528 3343 nata
550 3284 601 3344 est
624 3281 720 3345 modo
744 3281 831 3356 libra
855 3302 933 3363 quw
954 3286 991 3345 ct
1006 3282 1098 3363 potui
1119 3282 1280 3345 mundare

18 3386 157 3451 comma
181 3404 261 3450 cum.
287 3385 454 3450 —dubito
482 3407 526 3452 on
552 3388 670 3452 mentis
698 3387 783 3471 quod
808 3392 956 3452 natumst
983 3388 1080 3452 modo
1101 3388 1278 3470 pracferen-

18 3490 100 3557 dams
132 3490 182 3556 sis.
232 3496 459 3557 consternatae
493 3495 614 3577 animo,
651 3498 877 3578 expectoratae
910 3495 990 3559 haec
1021 3496 1160 3560 volvere.
1206 3517 1278 3560 con-

20 3597 136 3663 silium
165 3597 266 3663 subiit
294 3621 421 3683 omnes,
450 3599 535 3684 quod
562 3605 675 3666 natum
699 3607 749 3666 est
771 3601 866 3667 modo
890 3601 1019 3684 Loesium
1041 3602 1142 3685 &nist
1164 3608 1277 3685 quaest.

21 3702 102 3790 III,
133 3709 195 3782 21;
232 3709 472 3786 consternatae,
510 3707 653 3772 animum
687 3712 911 3793 expectoratae
942 3710 1071 3774 volvere
1104 3709 1277 3774 consilium

22 3812 115 3879 subit
137 3834 251 3878 omnes
275 3837 292 3878 e
316 3818 448 3877 renata
466 3814 563 3879 modo
583 3814 762 3880 Patmemus
781 3813 920 3898 Spiciley.
939 3837 989 3898 op.
1010 3814 1101 3880 Grut
1115 3817 1136 3880 1
1143 3812 1176 3900 V,
1197 3822 1276 3893 78&

24 3924 246 4004 consternare,
278 3921 400 4003 anima,
433 3925 605 4005 expectora
632 3923 725 4005 haee,
755 3923 782 3986 it
809 3923 938 3986 volvere
967 3922 1139 3987 consilium
1168 3923 1275 3988 subito

10 4032 129 4113 'mena
158 4027 245 4112 quod
270 4027 310 4092 de
333 4032 413 4093 nata
436 4032 485 4092 est
508 4029 603 4093 modo
627 4027 791 4111 Schcqttrrs
813 4030 937 4094 Proem.
959 4031 1043 4112 epist.
1067 4036 1089 4095 8
1109 4050 1161 4112 cp.
1185 4029 1275 4095 crus.

23 4132 81 4219 IV,
104 4140 188 4212 901‚·
217 4139 421 4200 consternato
444 4135 564 4219 anime,
590 4140 760 4220 expectata
783 4137 861 4200 haec
885 4141 917 4199 et
940 4137 1070 4201 volvere
1093 4137 1276 4220 consilium,

20 4242 133 4309 subito
163 4243 270 4307 omine
297 4242 383 4327 quod
410 4247 540 4306 enatum
566 4247 616 4306 est
639 4242 734 4307 modo
764 4243 903 4320 Vossius;
932 4246 1137 4308 consternate
1161 4245 1275 4328 anime,

13 4364 54 4416 ex
83 4352 222 4434 pectore
249 4348 311 4413 hoc
335 4347 482 4413 evolvere
505 4348 677 4414 consilium
701 4349 815 4414 subeat
838 4347 982 4436 (studeas
1006 4351 1088 4415 idem
1109 4348 1146 4434 2)
1171 4373 1275 4434 omne,

10 4455 107 4539 quod
130 4459 246 4519 natum
269 4461 320 4519 est
343 4455 437 4519 modo
460 4455 614 4533 Bottine;
641 4456 750 4521 malim
774 4458 924 4521 subitum.
948 4494 991 4503 —
1015 4479 1078 4541 quo
1102 4455 1274 4541 Schmtiuc.

10 4592 53 4611 ·-
82 4562 208 4628 afferas
229 4563 274 4626 ed.
297 4561 443 4638 Medion
467 4563 581 4627 efferas
605 4563 685 4629 libri.
739 4635 744 4644 ,

58 4660 61 4665 ’
108 4667 182 4734 Nec
208 4691 283 4734 vero
306 4673 476 4735 contentus
500 4670 566 4733 illis
589 4670 623 4732 in
647 4670 818 4734 corollario
842 4675 927 4756 trag.
949 4672 1004 4735 lat.
1027 4671 1084 4736 rel.
1107 4693 1161 4755 pg.
1184 4670 1273 4734 XLV

10 4775 148 4844 sddidit
171 4775 265 4841 haec:
289 4775 419 4840 ‘efferas
441 4777 523 4858 qaod
543 4777 578 4839 in
602 4776 690 4841 libris
712 4781 796 4841 extat
816 4777 943 4842 (lesbium
965 4784 1010 4843 est
1029 4783 1136 4842 utrum
1159 4780 1273 4842 afferas
