3164 5326
515 327 566 381 DE
585 327 840 382 PROPRIETATE
861 328 1073 385 SERMONVM.
1101 329 1121 384 1.
1401 331 1443 395 83

1377 425 1403 463 oa
1417 424 1448 462 m.

186 494 273 559 unde
304 494 454 559 elixum
482 492 620 557 dicimus
648 514 732 576 aqua
760 497 896 557 coetum.
941 493 1008 557 lixa
1031 494 1129 558 etiam
1154 495 1234 559 einis
1258 495 1374 559 dicitur
1399 497 1449 560 vel

188 623 285 666 umor
313 601 418 666 cineri
447 600 582 683 mixtus3
612 622 687 663 uam
717 600 901 664 etiamnunc
929 600 959 663 id
989 621 1090 685 genus
1118 602 1283 665 lexivum
1307 607 1448 666 vocatur.

144 722 173 769 ro
188 707 299 773 Varro
323 709 365 773 de
388 709 457 772 vita
479 707 593 790 populi
616 704 756 770 Romani
779 706 835 772 lib.
854 707 881 771 l:
910 708 1044 791 proinde
1069 713 1104 771 ut
1126 708 1247 771 elixum
1270 729 1385 791 panem
1410 730 1448 771 ex

189 814 276 880 farre
299 821 335 880 et
358 837 444 900 aqna
467 812 586 898 frigida
609 812 785 897 fingebant.
1161 824 1173 861 t

280 938 453 987 canonum
478 941 607 1005 qnoque
630 920 812 1003 proprietas
835 919 914 984 haec
937 920 1088 1004 habetur,
1111 921 1197 1006 quad
1221 922 1311 1007 tigna
1334 921 1444 986 militi·

190 1029 253 1093 bus
276 1029 541 1093 subministrent:
570 1026 654 1090 κᾶλα
678 1027 764 1090 enim
788 1026 902 1091 Graeci
926 1027 1015 1112 ligna
1042 1027 1162 1093 dicunt
1212 1034 1249 1093 ut
1273 1027 1450 1092 Homerus:

518 1145 566 1204 iat
586 1147 617 1203 dt
637 1147 706 1215 ξύλα
725 1143 807 1202 πόλλ’
827 1143 980 1202 ὑπέθεντο.

144 1273 172 1320 rs
279 1276 505 1342 couruvous,
534 1260 608 1323 loca
634 1258 667 1321 iu
696 1278 776 1341 quae
800 1257 860 1320 rivi
884 1257 1003 1321 diversi
1028 1259 1193 1323 confluant
1247 1258 1357 1323 Livius
1382 1262 1448 1323 An-

190 1366 360 1432 dromeda:

351 1487 493 1557 cdnfluges
512 1486 563 1540 ubi
580 1490 720 1541 conventu
738 1487 868 1556 campum
887 1488 979 1540 totum
999 1486 1166 1556 indmigant.

280 1614 455 1674 consano,
490 1619 511 1659 a
544 1595 760 1674 consedendo,
792 1600 829 1659 ut
862 1594 1002 1659 adsedo
1032 1597 1080 1659 vel
1111 1595 1268 1662 adsessor.
1314 1594 1446 1661 Cassius

191 1704 332 1770 Hemina
356 1705 537 1769 Annalium
560 1703 617 1766 lib.
636 1702 714 1767 1111:
738 1724 833 1767 nemo
859 1703 981 1767 vicinus
1004 1702 1153 1767 consedo.

144 1834 173 1882 to
281 1828 531 1894 couslcinlvm,
559 1811 663 1875 noetis
691 1808 830 1894 primum
859 1813 1002 1892 tempus,
1031 1831 1095 1893 quo
1125 1811 1234 1873 omnia
1261 1811 1446 1895 quiescendi

193 1920 300 2006 gratia
321 1918 552 1983 conticescunt
594 1922 740 1981 auctores
765 1917 858 1980 mutti
882 1921 959 1980 sunt
983 1916 1074 1998 mihi,
1097 1917 1152 1980 sed
1176 1918 1369 1981 auctoritate
1393 1918 1447 1981 de-

195 2025 316 2090 ficiunt

286 2234 317 2282 10
335 2226 425 2282 Vama
449 2226 486 2280 de
511 2225 571 2280 vita
593 2243 657 2296 pop.
682 2223 760 2280 Rom.
786 2223 796 2275 1
820 2227 830 2293 ΙΙ
854 2232 886 2280 13
906 2226 1043 2280 Homerus
1065 2224 1110 2294 (cf.
1131 2228 1242 2295 comm.)
1265 2227 1275 2294 1
1300 2231 1332 2279 15
1351 2225 1445 2280 Livius

197 2306 398 2376 Andromeda!
414 2313 445 2361 18
466 2305 579 2361 Cassius
597 2303 719 2359 Hemina
738 2304 835 2358 Annal.
855 2303 901 2360 IV.

283 2510 302 2566 8
319 2510 379 2565 lixa
397 2513 445 2580 Μ,·
464 2510 504 2565 iix
521 2510 582 2564 cdd.
602 2539 635 2550 -
654 2510 673 2561 a
692 2510 792 2563 humor
811 2508 871 2579 H„·
890 2506 923 2561 G.
946 2540 978 2548 —-
997 2509 1124 2564 lixivium
1145 2510 1237 2565 Paris.
1258 2516 1348 2580 7665;
1366 2517 1391 2566 6.
1413 2543 1445 2551 -

199 2592 231 2646 11
256 2591 331 2646 ferre
359 2591 406 2662 L,.
432 2623 465 2630 —
492 2589 528 2644 12
551 2590 585 2657 es.
616 2589 689 2644 Fert.
714 2593 758 2643 62.
782 2618 816 2627 -
842 2591 910 2642 haee
936 2607 970 2644 m.
1000 2594 1015 2643 1
1043 2592 1085 2645 vet
1106 2594 1125 2645 2
1150 2592 1214 2646 add.
1238 2593 1270 2645 in
1293 2592 1327 2647 L.
1354 2624 1384 2630 -
1411 2592 1447 2646 13

199 2671 409 2727 subministrent
426 2674 467 2728 ed.
487 2672 571 2738 Bas.;
589 2669 782 2723 subministret
799 2668 854 2738 L„
872 2668 932 2739 H„·
950 2669 1154 2725 sumministret
1169 2672 1217 2742 L„
1236 2672 1294 2741 ΗΠ·
1313 2672 1448 2725 submini-

200 2755 287 2806 strant
309 2751 402 2822 Luqd.
428 2783 460 2793 -
485 2749 562 2821 greci
586 2750 625 2817 L,
649 2749 696 2817 H;
718 2765 817 2818 graece
842 2750 858 2802 Ι.
883 2748 1013 2804 dicuntur
1037 2750 1074 2814 G,
1099 2750 1172 2821 Ha„
1196 2751 1241 2804 seat
1264 2756 1296 2803 ut
1323 2753 1449 2821 deinceps

199 2835 321 2887 mituta
343 2834 381 2886 sit
402 2833 544 2900 scriptura
564 2832 656 2898 prior,
680 2846 741 2882 cum
765 2829 819 2882 Me.
840 2859 872 2868 -
897 2828 933 2883 14
956 2831 1037 2883 etiam
1060 2830 1086 2883 ir.
1110 2832 1127 2885 1.
1151 2848 1220 2900 quae
1242 2833 1347 2885 tradita
1370 2838 1449 2885 mant

199 2914 364 2982 ammanus,
392 2914 536 2981 <inperata
563 2912 612 2964 itta
637 2925 752 2978 prorsus
779 2926 812 2962 ae
839 2910 975 2977 deposita,
1002 2911 1039 2963 ad
1068 2913 1213 2965 saumatam
1241 2913 1348 2965 tandem
1375 2930 1448 2966 rera-

200 3011 258 3047 care
284 3000 316 3046 ut
345 2994 450 3059 liceret,
482 2993 734 3060 antiquissimorum
762 2991 917 3043 criticorum
945 3008 1027 3058 opera
1059 2997 1096 3044 est
1123 2992 1251 3058 effectum.
1293 3009 1350 3045 nec
1377 2994 1448 3045 cni-m

200 3076 321 3128 ‹tubitari
340 3080 442 3142 potest,
466 3073 535 3141 quin
557 3077 625 3125 reete
645 3090 662 3124 a
681 3072 759 3124 nobis
777 3072 841 3123 baec
859 3070 1059 3123 aceornmoduta
1077 3071 1133 3124 siut
1151 3071 1189 3124 ud
1208 3071 1246 3123 It.
1267 3070 1365 3136 VIII,
1386 3075 1449 3135 547,

200 3171 255 3206 eum
279 3157 312 3207 iu
332 3156 355 3207 G
376 3153 530 3205 habeantur
549 3151 632 3204 tatia:
655 3149 964 3214 arnsteinensem
989 3153 1098 3218 eccepto
1116 3151 1189 3219 quad
1208 3152 1239 3202 iu
1258 3148 1292 3202 H
1306 3168 1340 3204 m.
1361 3152 1449 3204 attera

200 3236 248 3288 dei.
269 3256 287 3286 α
303 3235 399 3302 prius,
417 3234 483 3285 item
498 3232 592 3299 priore
609 3232 740 3298 scriptum
759 3230 815 3295 ξος.
831 3260 863 3267 -
878 3230 979 3283 scilicet
996 3230 1131 3283 verissime
1150 3231 1310 3284 coniectavit
1330 3231 1376 3284 Me
1394 3232 1449 3284 nou

200 3316 234 3366 ad
253 3315 432 3382 probandum
457 3312 529 3365 iilud
551 3311 642 3377 κᾶλα,
665 3311 736 3378 quad
759 3310 835 3377 apud
858 3310 1007 3363 Homerum
1031 3327 1063 3362 ne
1086 3311 1226 3362 inuenitur
1249 3313 1355 3380 quidem
1372 3328 1449 3374 (riam

198 3396 309 3464 hymnos
339 3396 371 3446 in
398 3393 497 3463 quibus
524 3393 601 3445 amuel
626 3392 741 3460 partitur
768 3406 824 3443 non
846 3392 933 3458 maqis
956 3392 1072 3458 respexit
1096 3389 1170 3443 Non.
1193 3409 1275 3459 quam
1299 3392 1449 3444 Hesiodum

198 3476 273 3542 apud
295 3491 374 3543 quem
399 3476 462 3527 item
486 3472 609 3540 tepitur),
633 3472 720 3524 citata
744 3470 824 3524 umba
842 3470 905 3537 itta,
928 3471 973 3523 sed
991 3487 1044 3538 quo
1063 3472 1293 3525 demonstraretur
1311 3473 1367 3524 iam
1386 3473 1449 3524 otius

199 3557 324 3608 cratonum
342 3569 424 3606 usum
441 3553 528 3619 subse
546 3552 577 3604 in
595 3568 624 3604 rc
643 3551 746 3603 bellica.
763 3551 901 3618 -itaque
920 3551 1069 3618 enmnptum
1083 3551 1217 3617 adlatum,
1236 3553 1318 3605 sicuti
1331 3554 1450 3619 suspires,

199 3652 252 3688 narr
269 3635 393 3703 pertinet
416 3634 454 3688 cd
477 3633 579 3701 qiosam
602 3633 704 3699 ipsam,
726 3630 772 3683 sed
790 3629 827 3682 ad
846 3630 903 3681 cius
921 3630 1135 3698 explicationem.
1174 3632 1208 3696 cs.
1226 3648 1272 3700 pq.
1293 3636 1325 3695 7,·
1344 3636 1395 3699 18,
1415 3636 1450 3684 50

198 3714 213 3767 t.
242 3712 412 3777 defloccare;
446 3712 610 3777 nebulones3
638 3710 719 3762 fures.
745 3740 777 3748 -
801 3711 932 3763 notabitis
959 3716 1048 3763 autem
1077 3711 1200 3763 iectionis
1227 3712 1346 3764 curatas
1374 3712 1450 3779 (rpem

199 3793 286 3862 Noa.;
318 3795 404 3847 sicuti
430 3809 517 3861 supra
542 3808 587 3859 pq.
616 3796 651 3843 10
678 3806 698 3842 s.
728 3790 744 3841 t.
773 3788 898 3842 bardum.
936 3806 1001 3841 nam
1030 3796 1121 3857 aperte
1148 3791 1225 3858 apud
1253 3790 1363 3843 Homer.
1388 3795 1451 3857 post

199 3875 267 3927 iliud
290 3868 339 3927 izi
363 3873 394 3927 δὲ
421 3869 491 3937 ξύλα
514 3866 594 3924 πόλλ’
621 3867 750 3937 ἐλέγοντο
767 3871 819 3935 (sic
838 3870 908 3922 enim
927 3870 967 3922 ibi
984 3870 1084 3936 fertur)
1104 3870 1163 3923 hiat
1181 3871 1279 3935 oratic,
1298 3887 1358 3922 cum
1377 3871 1451 3939 iqnis

200 3956 303 4008 incensi
320 3959 345 4007 et
363 3953 509 4021 epularum
527 3955 728 4019 apparaturam
746 3955 770 4002 et
789 3955 959 4016 sumpturum
979 3967 997 4002 a
1013 3948 1143 4002 Troianis
1157 3951 1242 4016 plane
1261 3956 1356 4002 contra
1371 3967 1450 4001 usum

201 4034 377 4088 Homericum
409 4033 488 4085 uuita
515 4046 704 4100 usquequaque
730 4030 781 4096 fiat
808 4030 914 4082 nreruio.
945 4060 976 4070 —
1006 4031 1098 4098 itaque
1125 4031 1197 4098 quad
1226 4031 1273 4097 top.
1303 4046 1346 4097 ap.
1376 4030 1450 4085 Non.

200 4111 356 4181 initiens,
380 4114 416 4167 ab
439 4117 549 4166 cauam
563 4112 680 4181 petitum
698 4115 745 4175 est,
764 4110 812 4178 qui
830 4115 951 4162 uteretur
970 4109 1085 4164 Homeri
1104 4109 1254 4176 euernptari
1272 4110 1312 4162 cet
1328 4109 1451 4176 ptariore

198 4212 279 4264 queam
301 4195 383 4263 quate
406 4208 481 4246 nante
503 4198 541 4246 est
565 4197 601 4255 (et
620 4190 750 4244 addidere
768 4190 841 4243 docti
858 4191 883 4242 b.
903 4191 920 4244 t.
938 4206 990 4257 pra
1008 4190 1192 4257 supplemento
1211 4205 1303 4241 cereus
1321 4191 1452 4256 quosdam

194 4293 297 4343 parum
320 4280 400 4343 aptos
417 4273 524 4342 quidem
542 4289 575 4325 en
594 4270 722 4324 Platonis
740 4270 896 4335 Alcibiade)
921 4270 962 4322 cel
980 4270 1011 4321 in
1029 4286 1082 4337 quo
1100 4269 1172 4322 iilud
1191 4269 1369 4322 srrbstitutum
1388 4274 1453 4322 essct

198 4358 256 4409 ioco
278 4358 337 4409 eius
359 4355 432 4423 quod
455 4357 493 4406 est
517 4347 644 4420 ἐλέγοντο
664 4351 730 4404 rudi
747 4352 863 4420 quodam
883 4354 984 4403 curua
1004 4350 1173 4402 ernendandi.
1196 4379 1226 4386 -
1249 4348 1284 4400 15
1304 4349 1452 4417 continges

199 4437 228 4501 C,
248 4436 354 4504 Luqd.;
378 4437 413 4500 cf.
438 4432 583 4498 confrages
602 4448 649 4500 ap.
670 4432 740 4484 Isid.
761 4430 851 4495 XIV,
871 4436 902 4496 8,
920 4434 966 4484 27.
988 4461 1019 4467 —
1041 4429 1075 4482 17
1096 4428 1238 4497 continges
1260 4428 1304 4492 II‚·
1324 4429 1452 4496 confluge

198 4516 239 4579 L,
260 4514 292 4567 H
314 4532 347 4567 ee
370 4531 457 4581 corr.;
476 4510 620 4579 conflagae
646 4510 678 4564 G.
699 4541 730 4549 -
752 4513 890 4563 conventu
916 4511 998 4577 Iun.;
1018 4512 1186 4563 conventum
1206 4509 1234 4563 0.
1255 4539 1288 4548 -
1310 4509 1345 4561 18
1365 4509 1452 4561 consi·

198 4595 293 4648 dendo
318 4594 368 4664 ΗΓ
389 4626 420 4633 „
441 4591 547 4646 adscdo
570 4590 623 4659 L„
646 4592 685 4644 ed.
706 4590 789 4654 Bas.‚·
812 4591 911 4643 assedo
930 4590 985 4659 L,‚·
1007 4590 1123 4643 assuedo
1143 4591 1181 4645 H.
1202 4620 1234 4628 -
1255 4589 1384 4642 adsessor
1403 4587 1453 4656 L„

196 4678 238 4729 ed.
261 4676 346 4740 Bas.;
367 4690 421 4728 ass.
447 4673 498 4744 L„
522 4671 559 4724 ΙΙ.
580 4701 611 4708 -
632 4670 669 4724 20
687 4671 722 4736 cf.
747 4669 826 4724 Varr.
853 4670 907 4737 t'I,
926 4676 958 4734 7,·
978 4669 1054 4735 VII,
1074 4675 1125 4737 79;
1150 4671 1275 4724 Macrob.
1301 4669 1334 4735 1,
1357 4672 1453 4733 3,12.

202 4788 230 4795 -
250 4753 415 4808 Concinium
431 4753 476 4824 111.
494 4783 524 4791 -
540 4751 574 4805 21
592 4751 755 4804 conciscunt
769 4750 823 4821 ΒΗ·
838 4749 1026 4803 conticiscunt
1038 4752 1073 4820 qi.
1086 4782 1118 4790 -
1129 4750 1193 4803 miri
1207 4750 1286 4816 cdd.;
1300 4764 1369 4803 carr.
1385 4748 1426 4801 Ιν

1204 4837 1241 4895 6*
