3098 5316
365 337 414 392 Ill]
434 334 695 392 conrnanlosa
713 336 899 393 Docralnn
919 336 1033 394 NONII.
1263 335 1328 401 257

70 498 176 585 simis,
200 505 238 566 ut
264 502 335 580 143,
354 500 411 585 293
438 501 511 585 166,
529 502 585 585 203
608 502 685 592 233,
706 503 761 586 19,
784 501 841 567 sed
864 523 947 587 qnae
969 522 1035 567 non
1058 505 1195 585 possent
1214 500 1328 565 fallere

41 654 44 659 -
70 607 136 674 nisi
160 609 303 674 alterum
325 606 479 673 Nonium.

36 730 41 735 '
163 714 295 793 Quanta
326 736 399 780 cum
429 714 562 779 levitate
591 718 624 779 et
651 719 689 780 ut
715 737 829 801 graece
857 716 963 782 dicam
992 714 1133 803 ἂρλεψία
1160 720 1329 801 grassatus

30 834 41 899 l
71 822 118 887 ait
136 821 223 886 ille
211 841 248 886 ιιι
265 820 454 887 auctoribus
475 841 556 904 quos
575 821 732 906 compilat
750 823 984 905 adhibendis·
975 846 1009 888 ιιι
1028 822 1143 908 Gellio,
1166 845 1222 907 qur
1214 823 1329 888 solus

10 912 29 953 '¹
70 931 124 995 est
147 931 298 994 servatus
322 951 360 993 ex
384 928 608 1012 grammaticis
634 930 676 995 ab
700 953 737 996 eo
763 932 938 1015 excerptis,
961 930 1224 995 demonstrarunt
1246 928 1329 993 Mer·

10 1022 180 1121 Μ,
213 1035 365 1102 Hertaius
394 1036 522 1119 aliique.
568 1034 681 1121 Neque
709 1038 789 1103 alibi
816 1040 857 1103 ab
886 1060 924 1103 eo
953 1038 1068 1103 melina
1096 1061 1163 1104 rem
1194 1043 1267 1121 gest
1269 1059 1330 1118 am,

67 1147 214 1228 excepto
247 1142 374 1230 quod
364 1165 398 1207 ιιι
426 1164 495 1227 cap.
519 1143 574 1226 IV,
602 1143 647 1227 V,
670 1144 731 1229 VI,
754 1144 831 1228 XII,
863 1168 946 1231 quae
974 1147 1093 1231 prioris
1123 1145 1226 1229 partis
1255 1148 1331 1208 sunt

14 1249 206 1335 ultima,
237 1250 337 1335 paulo
371 1251 553 1315 accuratius
585 1273 658 1317 enm
690 1239 856 1318 cereatum
888 1273 953 1316 non
982 1256 1070 1317 caret
1097 1251 1330 1337 probabilitate

10 1302 232 1469 l'qnsdarir,
259 1357 388 1423 indiciis
417 1357 598 1423 adstruitur
624 1359 784 1444 plurimis
828 1358 943 1444 Itaque
972 1359 1120 1444 exempla
1147 1358 1233 1423 haud
1256 1380 1329 1422 raro

10 1434 241 1548 Manena
268 1466 407 1530 maxime
436 1465 523 1531 circa
546 1467 640 1531 initia
664 1471 697 1532 et
719 1467 815 1549 fines,
843 1465 899 1531 sed
923 1465 1053 1530 etiam
1043 1489 1078 1531 ιιι
1101 1465 1208 1530 media
1229 1468 1331 1548 parte,

66 1568 175 1657 idque
208 1571 372 1637 interdum
400 1594 467 1637 non
495 1574 566 1637 sine
593 1575 712 1639 damno
741 1574 897 1659 graviore
944 1573 1131 1659 Aliquando
1159 1577 1192 1637 et
1220 1594 1333 1638 sensus

11 1714 14 1719 ·
70 1678 129 1744 r'cl
151 1678 272 1745 horum
294 1680 346 1744 vel
370 1679 553 1763 doctorum,
581 1703 661 1766 quos
686 1681 855 1765 compilat,
879 1702 994 1766 parum
1018 1680 1175 1746 intellecti
1200 1686 1333 1765 propter

58 1784 323 1852 Ιιιιιιιιιιιιοιιιιιιι
345 1785 481 1851 nimiam
505 1790 538 1851 et
561 1788 647 1872 quod
671 1788 816 1873 corporis
839 1788 949 1872 potius
974 1811 1071 1873 quam
1094 1788 1193 1852 animi
1212 1787 1333 1851 lumine

68 1890 109 1957 in
126 1892 368 1978 perlustrandis
387 1892 434 1959 eis
453 1890 605 1959 uteretur.
643 1893 709 1959 Vbi
727 1895 776 1959 illi
797 1895 925 1980 decepti
940 1895 1026 1960 falsa
1040 1896 1189 1977 lectione,
1207 1892 1332 1959 Nonius

69 2000 207 2066 tentum
224 2001 310 2067 afuit
322 2005 360 2066 ιιι
374 2001 561 2086 corrigeret,
580 2005 617 2066 ut
630 2003 740 2087 potius
754 2025 858 2068 novos
872 2003 1006 2067 inferret
1020 2022 1153 2067 errores.
1186 1999 1334 2082 Denique

23 2124 26 2129 ·
70 2104 237 2174 lemmata
267 2107 429 2174 interdum
457 2108 617 2174 inutiliter
644 2111 797 2194 repetita,
829 2131 888 2174 neo
916 2111 1040 2193 minore
1068 2108 1225 2174 facilitate
1254 2104 1334 2169 alibi

69 2215 243 2281 ωιιιῐιιιιιι
269 2215 357 2281 inter
383 2237 418 2280 se
447 2220 481 2279 at
509 2215 689 2300 pugnantia
712 2218 841 2283 tradita.
888 2216 1032 2293 Quarum
1055 2238 1163 2280 rerum
1188 2213 1334 2279 omnium

69 2318 274 2388 documenta
295 2322 397 2388 habes
420 2322 679 2387 luculentissima
702 2323 873 2408 proposita
890 2323 924 2387 in
944 2322 1186 2388 commentariis
1205 2320 1336 2386 nostris.

166 2430 218 2495 Ac
239 2434 351 2496 tamen
375 2430 514 2515 pessime
538 2451 605 2493 rem
629 2430 745 2515 egeris,
769 2430 797 2494 si
815 2428 917 2495 Nonii
940 2431 975 2494 in
994 2429 1187 2494 adversariis
1206 2449 1336 2512 perrer-

68 2534 208 2603 stenima
235 2558 381 2623 quaeque
410 2542 443 2602 et
468 2536 750 2621 prodigiosissima
777 2537 927 2602 toleraris
955 2537 1138 2620 promiscue
1165 2556 1202 2600 ac
1225 2535 1335 2599 discri-

69 2642 166 2709 mine
192 2642 284 2709 nullo
312 2643 363 2708 rel
392 2643 472 2709 adeo
499 2643 534 2706 in
563 2665 600 2706 ea
628 2643 715 2708 ultro
744 2643 904 2709 intuleris.
950 2642 1037 2708 Nam
1059 2647 1097 2708 ιιι
1124 2643 1288 2724 omittam,
1316 2664 1336 2705 a

59 2748 222 2817 librariis
252 2751 288 2816 in
319 2750 414 2816 illum
443 2756 512 2815 tarn
546 2750 690 2835 graviter
724 2752 896 2833 saevitum,
928 2753 965 2813 ut
999 2733 1100 2833 pauca
1128 2749 1335 2834 antiquitatis

71 2858 203 2943 scripta
234 2859 339 2944 magis
372 2858 441 2923 siut
473 2861 638 2941 corrupta,
672 2880 745 2922 cum
776 2859 805 2922 is
833 2879 928 2923 cucco
957 2859 1082 2943 impetu
1111 2858 1270 2942 impulsus
1298 2878 1335 2919 ac

51 2962 201 3031 indicio
223 2963 374 3030 abdicato
397 2963 486 3029 omni
510 2963 618 3030 fontes
642 2987 717 3030 suos
741 2969 904 3049 sequatur,
926 2987 985 3049 pro
1009 2966 1197 3030 diversitate
1219 2965 1336 3029 horum

27 3069 177 3147 „inodo
201 3070 417 3137 subtilissima
440 3074 537 3155 atque
560 3071 811 3156 pretiosissima,
838 3073 934 3137 modo
958 3072 1153 3137 stultissima
1177 3078 1210 3136 et
1233 3071 1338 3136 vanis-

73 3176 165 3247 sime
195 3178 238 3244 ab
271 3200 310 3245 eo
339 3179 485 3244 invenies
518 3179 630 3245 relata.
675 3180 781 3265 Atque
814 3180 848 3244 id
880 3202 953 3245 cum
987 3180 1028 3243 ad
1060 3180 1196 3244 relicuas
1230 3177 1337 3264 operis

74 3287 205 3373 prus,
240 3289 311 3352 tum
349 3286 400 3352 vel
437 3285 578 3351 maxime
610 3289 753 3371 pertinet
785 3288 824 3352 ad
858 3288 968 3372 capita
999 3285 1062 3371 IV,
1094 3286 1137 3369 V,
1170 3284 1232 3369 Vl,
1263 3283 1338 3350 XII.

53 3390 169 3473 Quae
192 3414 267 3458 cum
290 3393 339 3459 ita
361 3394 442 3478 sint,
470 3393 556 3458 haud
579 3416 684 3479 pauca
707 3416 871 3479 perversa,
900 3415 981 3478 quae
1004 3394 1038 3458 in
1063 3394 1148 3459 libro
1171 3394 1234 3458 hoc
1257 3393 1335 3457 fere·

62 3496 212 3584 llantur,
240 3500 292 3565 vel
319 3501 402 3583 eitra
429 3501 587 3565 librorum
615 3501 712 3566 fidem
740 3503 886 3586 oportuit
912 3501 999 3584 tolli,
1027 3502 1181 3585 quoniam
1208 3499 1337 3564 Nonius

78 3626 260 3693 numquam
289 3607 356 3673 fere
384 3630 443 3673 sua
469 3608 622 3694 protulit,
653 3609 709 3673 sed
733 3610 852 3689 aliena,
879 3629 982 3691 neque
1010 3608 1178 3692 probabile
1207 3611 1256 3670 est
1284 3628 1337 3670 ex-

10 3770 17 3787 ,
61 3712 189 3779 ‚titisse
217 3715 305 3780 inter
328 3722 476 3781 auctores
500 3738 580 3799 quos
605 3718 748 3802 excerpit
771 3717 923 3793 alterum,
950 3717 1005 3800 qui
1029 3728 1160 3801 stupore
1184 3715 1339 3797 aequaret

10 3806 234 3919 yssssllonim

10 3924 29 3999 ’.ζ
59 3966 69 3979 ·
167 3924 324 3994 Ceterum
359 3927 459 3993 etiam
494 3928 602 3993 minus
635 3950 734 4014 quarn
767 3927 1056 4013 grammaticarum
1088 3949 1195 3992 rerum
1228 3926 1337 3990 metri-

10 4006 41 4095 ἶ
74 4052 192 4103 mm
215 4036 362 4122 locuples
384 4035 449 4100 fuit
472 4035 594 4100 arbiter
616 4016 753 4101 Nonids.

29 4216 42 4227 ..
65 4148 81 4163 ‘'
169 4141 351 4210 Prosodiae
374 4164 472 4228 quam
495 4163 560 4206 non
585 4141 684 4207 fuerit
707 4163 895 4229 gnarus-
919 4148 953 4208 et
976 4141 1089 4225 Afrae,
1113 4147 1149 4205 ut
1135 4141 1338 4205 tabuudant

10 4234 57 4287 '⁴‘
69 4246 188 4335 *rna
219 4249 283 4317 hac
314 4250 520 4337 potissimum
552 4254 645 4334 parte
674 4251 803 4334 saepius
832 4250 939 4333 lapsos
968 4252 1165 4314 constat-
1196 4247 1337 4312 confusis

112 4356 225 4445 9³44
258 4357 434 4423 merendi
466 4377 504 4421 ac
534 4356 708 4420 merendi
736 4356 843 4421 uerbis
872 4357 922 4419 vel
950 4356 996 4421 eis
1025 4379 1107 4442 quae
1136 4357 1174 4420 de
1203 4378 1217 4418 s
1225 4352 1337 4418 tatim

112 4462 236 4533 lverbio
256 4465 323 4532 393
344 4463 498 4529 disseruit
517 4464 655 4548 aliisque
674 4463 830 4549 exemplis
849 4463 929 4527 satis
950 4464 1116 4546 probatur.
1153 4461 1203 4526 Ex
1222 4459 1338 4544 quibus

80 4570 170 4639 ¹llud
190 4577 242 4639 eat
259 4570 470 4654 leuissimum,
492 4571 578 4655 quod
598 4568 745 4654 Vergilio
765 4570 939 4653 adscripsit
957 4591 1048 4655 ergo
1067 4573 1217 4652 correpta
1236 4567 1339 4632 altera

108 4690 146 4767 ζ.
163 4680 226 4745 322
245 4703 272 4746 s.
289 4702 318 4744 v.
342 4675 470 4744 ‘diem'.

174 4783 368 4869 Metrornm,
405 4784 521 4870 quibus
558 4784 709 4868 dactylici
747 4785 796 4850 usi
836 4787 924 4869 aunt,
961 4783 1167 4848 mediocriter
1198 4781 1337 4866 peritum

144 4894 296 4941 lenm
309 4895 333 4940 0.
347 4897 375 4939 D.
388 4897 424 4939 erl.
438 4898 464 4938 Ia.
478 4896 608 4938 Unam.
1090 4891 1122 4940 l'l
