3098 5316
157 294 223 359 590
596 292 736 349 NONIVS
755 293 972 349 MARCELLVS

156 386 196 425 nos
210 385 240 425 Μ.

318 457 431 524 propter
449 457 596 524 peccatum
616 453 767 524 prensillum
787 453 983 523 indignissime

317 535 410 605 patria
428 535 601 605 protelatum
621 536 681 589 esse
700 535 820 590 saevitiis
837 534 932 603 patrie.

247 653 384 719 Sisenna
407 653 491 718 Hist.
516 655 569 720 lib.
593 653 674 718 llll:
702 654 784 717 duae
813 653 962 718 cohortes
992 652 1029 717 de
1058 652 1203 717 subsidio
1231 653 1398 736 procedunt

159 766 257 845 atque
290 760 412 846 equites
446 762 648 846 protelant*
676 785 694 822 s
721 784 739 821 s
767 762 849 843 qnod
872 760 1019 843 protelo
1050 761 1092 825 sit
1116 780 1222 842 porro.
1265 757 1395 823 Lucilius

158 865 349 951 Satyrorum
374 869 427 931 lib.
451 867 512 932 Vl:

318 1007 400 1057 quern
420 1006 510 1057 neque
530 989 651 1044 Lucanis
671 991 783 1045 oriundi
801 991 938 1046 montibu'
958 988 1033 1044 tauri

318 1070 418 1125 ducere
437 1071 546 1139 protelo
565 1069 668 1125 validis
686 1070 835 1125 cervicibu’
855 1072 979 1140 possent.

248 1198 333 1262 idem
356 1197 411 1262 lib.
435 1197 511 1262 XII:

319 1323 390 1374 hunc
409 1321 475 1390 iuga
494 1320 633 1374 mulorum
653 1321 762 1391 protelo
782 1320 883 1376 ducere
902 1321 1016 1376 centum

319 1417 373 1453 uon
395 1403 517 1469 possunt.

248 1526 330 1593 Cato
351 1526 520 1609 Originum
545 1528 600 1591 lib.
619 1526 662 1592 V:
687 1529 742 1593 sed
766 1527 893 1612 protelo
917 1526 995 1591 trini
1019 1526 1120 1591 boves
1144 1547 1241 1591 renum
1263 1534 1368 1596 eratrun

160 1635 291 1699 ducunt.
1378 1652 1397 1698 ΙΙ
1416 1666 1420 1713 ι

248 1758 414 1804 canones
439 1741 602 1825 significet
625 1743 757 1807 deferre.
794 1741 961 1825 Vergilius
986 1741 1066 1807 Aen.
1089 1741 1145 1805 lib.
1169 1739 1215 1805 H:
1417 1726 1420 1759 ¹

320 1863 439 1933 prodere
458 1880 527 1918 voce
547 1881 598 1918 ena
616 1881 785 1933 quemquam
804 1865 855 1917 aut
873 1879 1014 1934 opponere
1032 1861 1125 1919 motti

160 1994 169 2025 ¹¹
194 1990 360 2057 Prodere
384 2014 496 2057 rursus
521 1992 648 2056 differre
672 1992 721 2057 vel
749 1991 923 2056 excludere.
960 1990 1127 2078 Vergilius
1151 1991 1227 2057 Aen.
1249 1990 1294 2054 lib.
1310 1991 1330 2056 l:

321 2130 381 2181 nos,
400 2117 450 2169 tua
469 2115 625 2185 progenies,
644 2113 717 2168 caeli
736 2112 836 2182 quibus
855 2112 954 2167 annuis
973 2128 1076 2182 arcem,

319 2193 446 2262 navibus,
465 2195 624 2249 infandum!
644 2193 755 2248 amissis
773 2193 855 2247 unius
874 2194 909 2248 ob
927 2193 998 2248 iram
1371 2199 1390 2246 s

321 2275 464 2343 prodimur
483 2279 567 2343 atque
587 2274 664 2329 Italis
684 2274 768 2343 longe
787 2272 958 2343 diiungimnr
976 2273 1041 2328 orie.

251 2402 392 2467 Lucilius
417 2402 607 2486 Satyrorum
632 2402 688 2466 lib.
712 2400 755 2466 V:

320 2525 445 2594 possisne
466 2523 539 2578 elabi
559 2542 595 2578 an
609 2540 696 2592 porro
714 2523 860 2593 prodendo
878 2522 938 2578 dies
957 2522 1003 2579 sit.

251 2650 422 2716 Terentius
446 2652 480 2716 in
503 2650 641 2715 Andria:

321 2817 327 2827 .
348 2814 353 2825 .
375 2816 380 2826 .
402 2816 407 2826 .
428 2779 460 2827 ut
478 2773 590 2841 r'rliquod
611 2771 709 2827 saltem
730 2773 835 2842 nuptiis
855 2774 957 2842 prodiit
975 2772 1042 2829 dies.
1371 2764 1390 2811 ΙΙ

253 2995 280 3040 ll
304 2986 422 3040 Sisenna
443 2985 513 3037 llist.
534 2985 570 3037 lV
595 2990 603 3052 ΙΙ
631 2992 660 3038 12
681 2984 804 3039 Lucilius
823 2987 840 3039 l.
863 2987 899 3038 Vl
921 2990 931 3056 Ι]
957 2994 987 3041 16
1007 2985 1131 3040 Lucilius
1149 2986 1166 3041 Ι.
1188 2987 1234 3040 Xll
1254 2991 1262 3057 Ι
1281 2995 1305 3042 1⁹
1320 2988 1362 3041 talc

162 3066 268 3137 Origiu.
290 3066 310 3118 V
327 3071 336 3135 ΙΙ
350 3072 381 3119 21
406 3065 440 3133 ΙΙ,
462 3069 583 3134 1211123
605 3064 623 3131 Ι,
643 3068 764 3134 2501127
786 3065 910 3120 Lucilius
930 3068 947 3121 l.
967 3066 1063 3137 Vss‘lt
1083 3069 1116 3136 ΙΙ,
1138 3077 1162 3133 1,
1183 3075 1222 3121 13.

162 3283 270 3353 protelo
289 3284 332 3347 (iu
349 3300 416 3352 nup.
436 3281 500 3335 add.
520 3280 606 3350 Gerq)
625 3279 661 3334 ud
680 3279 846 3336 discendunt
859 3282 1017 3351 (discedunt
1032 3282 1084 3352 11„
1101 3282 1152 3349 Ga)
1165 3301 1190 3339 o.
1205 3313 1237 3323 -
1251 3280 1365 3350 'surpite

160 3366 195 3429 cs.
219 3380 309 3418 eornm.
329 3364 360 3416 in
379 3366 448 3423 259,
468 3366 514 3415 2⁸.
535 3364 581 3414 29.
603 3391 634 3399 -
656 3360 755 3414 lemnis
775 3361 856 3430 (lenis
876 3362 916 3427 B,
936 3362 1008 3429 Gerr,
1027 3361 1086 3431 H2‚·
1107 3363 1172 3415 item
1189 3362 1210 3427 s.
1229 3360 1274 3430 111)
1291 3360 1365 3414 cdd-

161 3443 179 3494 ΙΙ
199 3441 347 3511 pairsillum
367 3443 409 3508 B‚·
431 3443 471 3494 ul.
496 3459 521 3494 α.
547 3445 635 3504 mr,-
658 3440 839 3508 pausillulum
864 3439 1038 3510 (pusillnlum
1053 3458 1102 3509 pr.
1119 3439 1158 3507 L)
1179 3439 1252 3507 Gen,
1270 3439 1294 3495 0.
1310 3436 1367 3491 -n

161 3522 261 3575 sevitie
284 3522 343 3576 cdd.
365 3554 396 3562 —
418 3521 451 3574 ll
478 3521 630 3589 quohortes
654 3523 686 3574 L.
708 3552 739 3560 -
761 3520 798 3574 12
823 3522 938 3575 lacunae
964 3523 1074 3590 siquem
1101 3537 1150 3576 nec
1177 3536 1232 3575 non
1257 3515 1368 3587 dloqui

160 3602 269 3671 protelo
294 3602 331 3654 sit
352 3619 444 3670 porro.
469 3603 533 3656 odd.
560 3602 602 3655 Μ.
624 3601 800 3655 -Lucilius
823 3607 848 3656 ct
871 3618 939 3670 quae
961 3607 1090 3658 semesum
1113 3618 1136 3656 o.
1163 3606 1181 3655 ὅ
1200 3605 1261 3670 post
1277 3599 1368 3653 adium

161 3684 214 3752 lepi
231 3700 254 3737 o.
275 3701 361 3751 supra
379 3689 417 3736 cst
435 3689 567 3737 notatum.
585 3713 617 3722 —
637 3683 690 3736 leue
708 3683 843 3736 revocavit
863 3681 903 3736 M.
919 3712 953 3720 -
972 3699 1038 3735 nom
1055 3699 1118 3738 cum
1135 3681 1215 3735 nullo
1230 3687 1304 3749 poeto
1316 3680 1369 3750 ped

162 3764 237 3817 credi
255 3766 397 3829 consanam
417 3781 435 3816 o
453 3763 547 3816 Nonio
566 3763 676 3816 verbum
695 3763 805 3830 protelo
826 3779 886 3816 cum
904 3763 1046 3830 adverbio,
1065 3763 1116 3817 troc
1133 3763 1243 3817 videar
1260 3760 1369 3815 unctu

160 3843 198 3896 od
216 3845 347 3912 oripinon
366 3844 443 3897 illius
461 3842 666 3897 (declarandum.
696 3843 798 3896 lacuna
814 3845 846 3896 in
860 3845 932 3897 lrunc
945 3844 1001 3908 sere
1014 3843 1122 3896 modum
1137 3841 1286 3910 explendo:
1300 3837 1369 3892 dictur

159 3923 188 3976 id
213 3923 258 3976 vel
284 3941 300 3975 e
323 3939 423 3991 graeco
448 3923 511 3989 τῆλε
539 3924 584 3990 (cf.
605 3922 687 3977 Paul.
707 3927 778 3977 235:
802 3924 940 3992 protelare
959 3923 1043 3991 longe
1061 3921 1237 3992 propellere,
1259 3936 1291 3974 er
1306 3932 1370 3990 gneo

158 4001 293 4056 videlicet
315 4005 392 4071 τῆλε,
417 4002 493 4070 quod
516 4000 658 4070 significat
680 3999 776 4070 longe)
800 4004 845 4058 vel
869 4003 944 4071 quod
968 4003 1077 4071 protelo
1102 4001 1143 4057 sit
1167 4018 1258 4072 porro.
1276 3999 1369 4065 -cld

155 4100 202 4152 pq.
223 4087 276 4135 345
296 4084 313 4135 l.
339 4082 573 4136 medicamentum
593 4112 626 4122 -
645 4100 791 4138 venenum.
810 4114 844 4123 -
866 4082 902 4136 ls
921 4082 1089 4151 satyricarum
1103 4099 1169 4151 ρης
1187 4080 1240 4148 ΙΙΙ,
1257 4093 1368 4150 sepem.

158 4165 190 4216 in
209 4180 262 4217 rus.
284 4162 334 4228 Vl,
354 4164 385 4217 L.
407 4195 438 4202 —
461 4162 496 4216 lr'r
515 4164 609 4217 duceri
629 4164 666 4230 B,
689 4163 758 4229 Gerr,
779 4163 831 4232 ΙΙΙ.
852 4193 885 4202 -
905 4161 1032 4217 cervibus
1050 4161 1087 4229 B,
1107 4164 1178 4217 Gen.
1198 4193 1232 4202 -
1252 4162 1286 4216 ls
1300 4159 1368 4229 origi!

161 4244 195 4312 Gl
223 4249 247 4296 et
266 4244 292 4296 L
316 4248 428 4297 testante
454 4243 550 4311 I’clro,·
572 4245 694 4313 riginum
719 4245 798 4314 Gerq.
820 4274 853 4283 -
873 4243 911 4298 20
929 4244 1034 4297 ducunt
1048 4260 1094 4312 pr.
1117 4243 1160 4312 G,·
1183 4241 1366 4297 ducentrdt·

155 4325 248 4391 posita
262 4325 327 4376 hoec
341 4325 372 4375 in
385 4325 568 4378 describendis
581 4326 702 4379 urendus
715 4326 844 4393 pontium.
856 4354 889 4363 -
900 4322 936 4378 22
951 4340 1109 4393 quaequam
1120 4340 1166 4393 pr.
1178 4322 1212 4376 L.
1225 4354 1255 4363 -
1265 4319 1365 4377 miden

159 4404 193 4456 L.
215 4435 247 4443 -
269 4403 292 4456 ll
311 4404 348 4469 B,
370 4404 437 4469 Gen,
457 4406 491 4470 L,
507 4424 551 4473 pr.
572 4405 610 4459 Η.
632 4437 664 4446 -
684 4404 723 4459 24
741 4419 847 4458 annues
864 4421 906 4472 pr.
926 4403 968 4472 L;
986 4403 1054 4474 Gen¹
1064 4425 1075 4469 ;
1093 4403 1175 4459 annis
1195 4403 1245 4473 H..
1259 4433 1289 4443 -
1301 4396 1362 4456 su

158 4484 199 4550 n,
220 4486 291 4549 oen,
307 4502 352 4551 pr.
373 4484 410 4537 rr.
432 4515 465 4523 -
484 4484 522 4539 so
541 4487 625 4554 atqua
644 4485 710 4540 uns
727 4503 772 4553 pr.
792 4484 825 4537 r..
847 4514 879 4523 -
899 4481 1084 4552 uinunnmur
1102 4483 1129 4536 n
1147 4499 1181 4538 a
1199 4499 1273 4549 corr,
1287 4479 1326 4550 11„
1337 4472 1360 4541 lr

158 4580 214 4616 non
237 4564 272 4618 B.
293 4596 324 4603 —
346 4564 381 4618 27
407 4565 575 4633 satyriorum
595 4584 640 4635 pr.
664 4566 700 4622 L.
720 4597 753 4605 -
774 4564 811 4618 28
836 4562 924 4632 possis
948 4563 1007 4617 sine
1031 4561 1150 4618 elabcan
1169 4562 1216 4617 ΒΙι
1234 4555 1356 4632 (postieffl

159 4643 234 4697 elabi
254 4660 289 4697 un
309 4645 381 4711 Bm).
402 4677 433 4684 -
455 4663 537 4715 porro
557 4649 620 4701 odd.
640 4647 713 4701 Deo.
734 4647 771 4699 od
790 4645 878 4699 Arcdr.
899 4644 946 4710 Π,
967 4648 993 4710 1,
1010 4647 1062 4712 13,·
1078 4658 1130 4698 osu.
1148 4644 1209 4698 cdd.
1224 4640 1284 4695 -ei
1295 4632 1352 4708 pel

160 4754 193 4764 -
213 4723 251 4777 30
270 4727 319 4777 aut
335 4729 439 4794 (mace.
459 4730 488 4794 n)
508 4728 568 4782 cdd.
591 4757 620 4765 —
641 4726 755 4795 aliquod
771 4741 825 4794 pro
844 4724 959 4792 aliquot.
981 4754 1012 4763 -
1034 4721 1130 4793 nuptis
1147 4724 1260 4792 prodeat
1273 4719 1316 4776 occ
