3098 5316
492 1196 530 1269 L.
560 1195 593 1268 S.

164 1457 261 1542 Siquis
293 1463 372 1542 post
405 1460 593 1525 memoriam
627 1461 793 1526 hominum
827 1462 911 1525 inter
943 1461 1054 1526 doctos
1087 1463 1221 1527 adversa
1252 1463 1313 1525 luit

91 1574 162 1632 sorte
186 1565 400 1649 conflictatus,
429 1588 491 1652 ego
519 1589 595 1632 vero
625 1590 674 1631 me
703 1568 802 1632 talem
833 1568 952 1649 sentio,
980 1568 1097 1653 quippe
1121 1569 1172 1634 cui
1194 1573 1312 1634 natura
1336 1579 1349 1605 ⁸

87 1697 148 1737 eum
173 1673 249 1736 vires
272 1671 425 1737 Herculis
452 1679 586 1758 negaret
610 1675 737 1739 labores
761 1675 966 1758 imposuerit,
993 1697 1030 1739 ac
1053 1698 1154 1760 prope
1178 1676 1311 1741 dixerim

87 1782 214 1844 maiores.
257 1777 353 1844 Certe
385 1780 436 1844 illi
464 1782 562 1845 semel
592 1781 716 1867 Augias
746 1782 908 1846 stabulum
938 1781 1059 1865 obtigit
1088 1783 1311 1865 evertendum3

82 1888 164 1952 nobis
192 1888 330 1970 primum
363 1910 435 1952 cum
465 1887 593 1970 Lucilii,
626 1911 700 1954 mox
734 1912 806 1954 cum
834 1888 933 1953 Ennii
963 1889 1119 1954 librorum
1147 1891 1312 1954 ederemus

81 1994 232 2078 reliquium
256 2015 293 2058 ac
316 2015 403 2059 nunc
431 2031 466 2040 -
492 1995 557 2058 iam
581 1996 665 2059 enim
691 1996 730 2060 ad
754 1996 898 2060 Nouium
922 1997 1036 2062 accedo
1064 2033 1098 2042 -·
1127 1999 1267 2062 tertium.

159 2099 241 2184 Opus
269 2124 342 2165 sum
366 2122 540 2186 aggressus
562 2101 702 2184 varium,
731 2102 943 2186 multiforme,
970 2107 1111 2180 vastum,
1139 2104 1311 2170 obscurum

81 2209 128 2271 rix
152 2208 252 2271 miuus
281 2230 379 2292 quam
406 2208 507 2274 vitam
535 2209 640 2293 ipsam
669 2209 926 2293 antiquissimam
955 2210 1068 2295 populi
1093 2211 1245 2293 ltomani,
1273 2213 1311 2275 de

80 2337 192 2400 qua-
222 2315 291 2379 sine
320 2314 429 2380 Nonio
463 2323 548 2381 esset
580 2338 618 2381 ac
647 2315 742 2381 Festo
769 2353 806 2363 —
837 2339 953 2401 parum
985 2317 1114 2382 hercule
1147 2321 1311 2382 constaret

79 2422 168 2503 uobis,
190 2421 326 2505 denique
350 2422 537 2487 intricatum
560 2423 615 2506 ita,
639 2427 675 2488 ut
698 2446 761 2507 quo
785 2423 881 2488 altius
906 2423 1002 2488 huius
1021 2425 1113 2507 quasi
1134 2424 1310 2508 labyrinthi

76 2550 207 2592 recessus
235 2531 431 2613 penetraris,
459 2552 497 2595 eo
526 2531 654 2614 lougius
684 2537 716 2594 te
739 2530 853 2595 abesse
877 2529 1041 2604 existimes
1064 2553 1084 2594 a
1108 2531 1179 2595 fine.
1224 2529 1309 2595 Nam

73 2642 103 2699 ut
131 2636 261 2700 mittam
293 2638 394 2721 ipsius
423 2638 563 2702 auctoris
591 2638 684 2721 culpa
712 2638 814 2702 multa
831 2634 987 2715 turbata,
1019 2636 1226 2701 librariorum
1256 2638 1311 2723 qui

67 2745 150 2806 fuere
181 2742 271 2806 intra
303 2765 385 2806 saec.
418 2742 448 2806 V
477 2746 509 2807 et
542 2741 601 2826 IX,
634 2747 780 2828 tempore
813 2743 929 2808 studiis
959 2743 1182 2825 infestissimo,
1217 2750 1310 2809 tanta

63 2849 120 2912 luit
150 2849 202 2913 rel
232 2850 396 2932 imperitia
424 2850 474 2913 vel
504 2851 709 2934 neglegentia
736 2850 769 2914 iu
794 2850 1003 2915 describendo
1027 2850 1098 2933 illc,
1128 2854 1162 2914 ut
1187 2857 1309 2934 quanto

60 2958 216 3020 maiorem
251 2978 420 3020 numerum
454 2956 622 3022 sustuleris
651 2958 851 3040 mendarum,
884 2962 975 3022 tanto
1004 2958 1114 3041 plures
1144 2958 1244 3022 veluti
1273 2981 1310 3022 ex

56 3062 191 3146 Hydrae
217 3063 384 3127 cuiusdam
408 3065 584 3129 cervicibus
609 3065 757 3128 subnasci
783 3065 959 3129 videantur.

145 3172 236 3235 Anni
259 3177 336 3235 sunt
354 3172 427 3255 plus
448 3170 563 3255 viginti
582 3170 731 3254 quinque,
750 3192 788 3234 ex
808 3193 870 3254 quo
890 3175 1030 3235 tractare
1050 3172 1140 3254 coepi
1159 3171 1312 3254 Nonium,

52 3279 143 3341 cuius
178 3278 296 3341 deinde
326 3278 414 3342 nullo
443 3283 588 3362 tempore
616 3277 834 3341 intermissum
863 3281 912 3341 est
941 3301 960 3342 a
984 3301 1034 3341 me
1058 3278 1214 3360 studium,
1243 3277 1312 3341 sive

54 3387 134 3448 bene
155 3386 258 3449 nobis
279 3391 365 3449 esset
384 3386 450 3449 sive
470 3386 562 3468 male,
581 3391 648 3448 sive
668 3385 739 3448 aliis
760 3385 855 3448 rebus
872 3390 1054 3449 teneremur
1070 3385 1312 3468 oecrrpatissimi

57 3515 107 3554 seu
134 3492 262 3555 laxatis
287 3492 373 3556 euris
397 3492 544 3555 omnibus
569 3492 601 3554 in
626 3491 692 3556 otio
717 3493 813 3577 plane
837 3513 953 3577 graeco
977 3515 1186 3556 versaremur.

143 3600 194 3661 Ac
226 3604 339 3663 tamen
369 3621 496 3683 semper
524 3598 712 3663 verebamur
741 3600 888 3662 ultimam
917 3622 1046 3662 manum
1076 3600 1240 3682 imponere
1265 3599 1310 3662 iu-

56 3714 157 3788 cepto‚
183 3728 254 3768 non
281 3707 402 3770 laboris
426 3705 619 3789 inpatientia
642 3706 729 3769 ducti
753 3711 810 3770 aut
831 3706 977 3788 cupidine
998 3706 1115 3790 quietis
1135 3723 1207 3789 (nee
1227 3706 1312 3769 enim

56 3834 187 3897 segnem
217 3813 347 3896 egimus
371 3811 541 3898 aetatem),
567 3814 621 3877 sed
645 3814 864 3876 immensitate
890 3814 995 3896 operis
1021 3813 1124 3876 territi
1149 3814 1311 3897 probeque

53 3919 220 3983 recordati
263 3919 461 4003 Thucydidis
498 3920 590 3997 illud,
630 3920 715 4003 quod
753 3919 967 3983 familiaribus
1006 3940 1105 4002 usque
1143 3919 1313 4003 ingerebat

50 4027 348 4091 Hemsterhusius:
371 4026 497 4110 ἀμαθία
521 4023 581 4110 μὲν
604 4028 742 4111 θράσος,
767 4029 923 4110 λογισμὸς
947 4023 982 4090 di
1007 4028 1108 4090 ὄκνον
1131 4025 1234 4110 φέρει.

138 4133 288 4210 Etenim
311 4135 395 4218 quod
419 4134 553 4199 subinde
578 4135 744 4198 iactabant
768 4134 861 4198 aurici
886 4134 925 4197 ad
950 4133 1135 4197 excitandos
1160 4155 1218 4195 nos
1238 4155 1312 4196 eorr-

46 4241 315 4324 tirmandosque,
331 4241 486 4325 siquando
502 4241 708 4306 deficeremus
724 4241 841 4322 animo,
855 4245 888 4305 et
903 4240 1029 4304 laudern
1045 4241 1147 4303 multa
1158 4240 1311 4303 maiorem

45 4354 76 4410 et
98 4348 350 4411 iucunditatem
370 4348 479 4412 adfore
500 4347 602 4411 labori
622 4354 743 4429 nostro,
764 4348 847 4431 [prrod
868 4347 921 4430 qui
942 4346 1002 4409 hoo
1022 4347 1149 4410 sacculo
1165 4347 1196 4408 in
1213 4344 1313 4409 Nonii

47 4457 133 4519 libro
155 4455 339 4519 tractando
359 4459 467 4520 esseut
487 4454 606 4519 versati
626 4454 781 4518 maiorem
801 4458 924 4536 partem
939 4452 1125 4517 extitissent
1139 4452 1312 4533 deterrimi,

47 4564 78 4626 id
111 4585 178 4647 ego
211 4564 314 4647 longe
344 4585 433 4626 secus
461 4563 579 4626 habere
608 4561 767 4625 existimo.
813 4561 917 4624 Immo
947 4566 1013 4623 turn
1042 4559 1248 4642 potissimum
1273 4561 1317 4623 ad

51 4694 184 4733 summa
219 4669 368 4732 enitendi
399 4692 472 4754 spes
500 4670 604 4747 adest,
637 4691 709 4733 enm
740 4666 881 4731 strenuis
910 4667 937 4730 si
965 4666 1114 4731 inciderit
1141 4673 1313 4734 certamen.
