3098 5316
383 306 431 362 nu
451 305 565 361 veum
583 305 879 363 SIGNII'ICATIONE
899 305 1115 362 SERMONVM.
1142 306 1189 362 IV.
1352 306 1415 370 567

1335 399 1375 438 350
1388 398 1420 439 Μ.

169 472 178 552 :l
199 471 361 557 Macula,
389 471 528 555 turpido.
566 469 610 537 M.
638 470 766 535 Tullius
795 472 828 535 in
857 470 993 536 Verrem
1022 473 1149 536 actione
1177 471 1297 555 prima:
1328 471 1418 537 cuius

139 586 205 644 su:
233 578 473 644 adulescentiae
501 578 645 644 maculas
673 577 936 664 ignominiasque
968 583 1181 663 praeteream.
1206 616 1246 625 -
1271 578 1415 645 Lucilius

168 687 218 752 lib.
241 685 348 751 XXX:

322 824 407 878 quem
425 807 479 864 scis
499 807 569 863 scire
588 811 652 863 tuas
671 823 768 862 omnes
786 806 969 875 maculasque
988 808 1133 876 notasque.

164 917 175 1005 {l
195 917 359 1004 Macula,
383 919 417 984 in
439 917 563 984 retibus
587 919 693 1003 plaga.
731 916 773 982 M.
797 915 923 981 Tullius
947 917 982 981 in
1003 915 1138 982 Verrem
1161 918 1287 983 actione
1306 917 1357 1002 II,
1380 916 1418 982 de

165 1025 344 1109 suppliciis:
367 1025 603 1110 reticulumque
627 1024 667 1089 ad
691 1047 785 1089 nares
810 1023 874 1088 sibi
898 1024 1105 1109 admovebat,
1128 1024 1318 1090 tenuissimo
1342 1025 1418 1108 linc,

139 1132 295 1197 §minutis
321 1132 467 1217 maculis,
490 1132 622 1217 plenum
645 1154 747 1198 rosae.

250 1261 371 1304 nerim
392 1260 410 1300 e
428 1260 482 1300 a*
505 1238 637 1304 Metiri
660 1243 709 1302 est
732 1241 939 1303 transmeare.
977 1238 1119 1304 Lucilius
1143 1239 1197 1303 lib.
1221 1237 1328 1303 XXX:

322 1360 365 1414 vir
384 1379 459 1416 mare
479 1360 595 1416 metitur
613 1376 746 1430 magnum
765 1363 794 1414 et
813 1376 842 1413 se
861 1359 988 1415 fluctibu'
1006 1360 1103 1416 tradit.

252 1471 420 1557 Vergilius
444 1469 562 1557 Georg.
586 1470 641 1535 lib.
665 1470 746 1534 IIII:

325 1597 354 1649 et
372 1591 470 1648 iuncte
488 1592 621 1662 bipedum
640 1609 722 1647 curru
741 1590 857 1648 metitur
875 1609 1017 1662 equorum.

139 1724 145 1769 l
249 1729 408 1778 rimosa
430 1712 581 1777 dicuntur
602 1712 749 1777 restium.
787 1710 952 1796 Vergilius
975 1710 1032 1775 lib.
1054 1709 1165 1776 VIIII:

320 1838 350 1890 et
367 1835 480 1890 tumeas
498 1832 623 1889 manicas
642 1835 671 1888 et
689 1833 795 1887 habent
813 1831 981 1888 redimicula
998 1831 1108 1889 mitrae.

157 1949 168 2033 t
189 1959 382 2047 Marsicae,
405 1961 522 2048 quibus
547 1984 662 2028 manus
686 1961 881 2027 vinciuntur.
918 1960 1060 2026 Lucilius
1083 1961 1138 2027 lib.
1162 1959 1268 2025 XXX:

320 2083 361 2138 sic
378 2082 497 2155 laqueis,
514 2082 643 2153 manicis,
663 2082 771 2154 pedicis
790 2099 867 2137 mens
882 2082 1033 2138 inretitast.

247 2209 415 2297 Vergilius
440 2212 521 2276 Aen.
546 2210 603 2278 lib.
626 2209 672 2276 II:

139 2335 145 2384 i
587 2332 710 2388 manicas
729 2333 813 2401 atque
832 2334 895 2387 arta
912 2331 1001 2387 levari

319 2410 414 2468 vincla
431 2412 512 2468 iubat
528 2410 666 2467 Priamus.

247 2539 384 2605 Plautus
407 2540 441 2604 in
465 2538 632 2605 Asinaria:

320 2661 369 2716 ubi
387 2679 488 2719 manus
506 2663 633 2717 manicae
651 2663 804 2730 conplexae
823 2663 896 2717 seint.

249 2806 426 2868 naussum,
449 2790 552 2873 triste,
576 2790 803 2855 miserandum.
840 2790 1005 2876 Vergilius
1030 2792 1109 2855 Aen.
1134 2791 1189 2856 lib.
1213 2789 1259 2854 H:

139 2922 166 2979 ι)
639 2913 669 2966 et
686 2914 788 2967 mestas
807 2928 967 2982 expromere
986 2928 1077 2968 voees.

250 3021 391 3087 Lucilius
415 3021 471 3086 lib.
494 3019 667 3087 XXVIIII:

250 3257 308 3319 34,
330 3257 360 3304 11
385 3255 396 3318 Ι
420 3256 454 3304 10
471 3249 594 3305 Lucilius
608 3250 626 3303 l.
646 3248 723 3304 XXX
745 3251 755 3317 fl
779 3249 865 3317 1311,
887 3255 910 3317 5,
932 3256 973 3313 11,
992 3257 1026 3304 27
1047 3253 1057 3318 ΙΙ
1079 3258 1109 3305 16
1128 3249 1251 3305 Lucilius
1269 3251 1287 3306 l.
1308 3251 1385 3306 XXX
1402 3253 1413 3325 ss

184 3337 211 3386 rs
223 3329 261 3397 Ν,
278 3335 330 3386 ass
346 3330 358 3400 ι
375 3335 411 3384 so
429 3329 477 3398 lx,
496 3336 549 3384 oro
567 3331 578 3398 p
594 3336 629 3384 se
647 3328 772 3383 Lucilius
792 3330 810 3383 1.
831 3329 907 3383 xxx
924 3332 934 3400 p
953 3337 987 3384 er
1008 3331 1040 3399 ΙΙ,
1062 3332 1135 3399 resp
1154 3336 1188 3386 ur
1207 3331 1241 3401 11,
1261 3338 1286 3400 a,
1306 3338 1339 3386 ss
1353 3335 1363 3403 p
1377 3338 1411 3386 as

181 3408 210 3477 II,
223 3415 266 3465 130
277 3414 288 3479 Ι
300 3416 333 3465 31
354 3409 480 3465 Lucilius
499 3411 518 3466 l.
537 3408 675 3463 XXVIIII.

181 3538 372 3548 ——-.--

252 3623 405 3694 turpido
427 3625 468 3692 L,
490 3625 524 3678 H
543 3641 578 3680 ιω
601 3640 686 3694 corr.;
709 3624 854 3694 turpitudo
876 3626 935 3680 rell.
960 3643 1020 3681 cum
1037 3621 1079 3693 Ἀ,
1101 3626 1137 3680 Β.
1159 3658 1190 3666 -
1210 3625 1321 3682 actione
1339 3626 1353 3681 1
1371 3629 1411 3684 ed.

179 3702 245 3773 nu,
258 3721 312 3760 sea
330 3705 367 3759 Β.
384 3704 471 3760 -10
489 3703 696 3760 adolescentiae
715 3706 759 3775 A,·
777 3704 983 3761 adulescentiae
996 3723 1040 3775 pr.
1056 3705 1090 3760 L.
1108 3737 1138 3746 -
1155 3706 1254 3775 Lucil.;
1274 3709 1411 3775 013541.

178 3788 243 3840 ult
258 3784 345 3841 -12
369 3785 411 3841 sci
430 3804 475 3857 pr.
499 3786 534 3840 L.
552 3815 587 3826 —
607 3785 732 3840 maculas
754 3787 796 3854 B,
819 3786 892 3853 Gen,
917 3786 951 3853 G,
970 3805 1017 3856 pr.
1041 3787 1068 3841 L
1090 3792 1115 3842 et
1137 3788 1176 3841 Η.
1198 3821 1228 3827 -
1250 3789 1298 3843 18.
1316 3787 1355 3844 14
1372 3788 1410 3844 Μ.

176 3846 285 3932 Ὴὶίωῑ
307 3866 343 3936 cf.
362 3882 455 3922 mmm.
474 3868 505 3920 ire
523 3871 586 3933 141,
606 3870 649 3921 15.
670 3897 702 3906 -
722 3866 752 3919 in
771 3865 887 3921 Verrem
904 3867 1015 3921 actione
1034 3866 1070 3936 II,
1090 3866 1125 3922 de
1144 3867 1288 3938 suppliciis
1308 3869 1358 3937 M;
1376 3868 1411 3924 do

178 3944 307 4016 nupturi
332 3946 363 4000 in
385 3945 502 4001 Verrem
525 3948 564 4013 (iu
588 3945 702 4000 Verrem
727 3946 762 4000 de
786 3947 930 4015 suppliciis
955 3949 992 4015 Β)
1016 3945 1126 4001 actione
1149 3952 1221 4017 (post
1243 3950 1307 4003 add.
1331 3950 1364 4003 is:
1386 3950 1412 4002 L

177 4038 205 4079 ι
221 4031 363 4095 marton)
390 4028 452 4083 odd.
478 4059 508 4067 -
534 4027 560 4080 ll
586 4029 643 4081 ium
666 4028 730 4082 aeid.
754 4029 793 4083 ed.
818 4047 843 4082 a.
867 4032 946 4082 1471.
971 4059 1004 4068 -
1029 4028 1076 4084 14.
1101 4031 1137 4085 13
1160 4029 1287 4085 maculae
1310 4030 1412 4083 reticu-

174 4098 276 4176 hqne
290 4107 325 4161 L.
345 4137 380 4148 -
398 4108 435 4161 ad
458 4124 539 4162 nares
565 4106 618 4161 sibi
636 4107 817 4173 admovebat3
842 4108 876 4173 cf.
896 4125 987 4163 comni.
1007 4111 1038 4163 ire
1058 4115 1108 4164 141
1115 4151 1124 4179 ,
1143 4115 1186 4165 16.
1207 4139 1240 4149 -
1260 4108 1297 4163 lo
1316 4107 1412 4162 Metiri

174 4180 246 4252 Δίς
264 4186 364 4242 Metire
386 4189 447 4243 cdd.
471 4205 532 4242 cum
555 4188 591 4242 Β.
612 4219 644 4227 -
664 4185 758 4242 Metiri
776 4203 794 4242 s
811 4204 829 4243 s
848 4204 864 4243 r
884 4189 921 4242 Μ
941 4190 1005 4243 add.
1026 4189 1130 4257 (Metiri
1149 4190 1193 4243 est
1210 4206 1228 4245 a
1245 4206 1263 4245 s
1282 4205 1298 4243 e
1316 4187 1411 4244 Metiri

174 4260 363 4335 Maus).
382 4299 414 4308 -
435 4268 472 4322 17
498 4269 526 4323 et
549 4285 579 4322 se
603 4268 650 4322 Me
669 4271 709 4336 (se
728 4285 796 4338 mrq.
817 4270 908 4333 Iun.);
935 4271 978 4323 est
996 4270 1056 4324 cdd.
1076 4287 1137 4324 crem
1155 4270 1191 4324 Β.
1212 4300 1244 4309 -
1264 4269 1352 4323 tradit
1369 4270 1409 4325 cd.

139 4342 265 4429 ,lf'heq
281 4345 402 4402 tradidit
415 4348 475 4403 cdd.
491 4365 551 4403 cum
567 4348 602 4402 Β.
617 4378 650 4387 -
665 4346 703 4401 20
717 4347 813 4417 Verg.;
834 4349 869 4414 cf.
885 4350 971 4402 5361.
986 4347 1095 4416 tunics.;
1112 4349 1179 4405 Geli.
1196 4349 1250 4417 VI,
1264 4353 1306 4405 12.
1322 4380 1356 4390 -
1371 4349 1409 4404 22

139 4434 153 4481 ἱ
166 4418 309 4483 *fiuntur
329 4426 418 4499 θωυ·
431 4446 477 4497 pr.
496 4429 529 4482 L.
547 4459 579 4468 -
599 4427 636 4481 23
656 4445 733 4481 mens
752 4445 803 4482 om.
821 4428 858 4494 B,
880 4427 948 4493 Gen,
966 4428 1017 4498 H,.
1039 4459 1071 4468 -
1092 4428 1129 4483 24
1148 4430 1244 4500 Verg.;
1264 4430 1410 4496 013361.

139 4488 261 4577 flavae,
274 4508 390 4564 solvere.
406 4539 441 4548 -
456 4509 494 4563 se
510 4508 616 4578 primus
631 4509 661 4574 c,
677 4509 745 4576 cen,
760 4509 795 4563 Β.
813 4540 844 4547 -
861 4509 930 4562 ruem
945 4526 1019 4564 mor
1033 4514 1097 4575 336,
1113 4514 1154 4567 17.
1172 4542 1202 4549 -
1218 4510 1257 4564 ss
1271 4510 1409 4564 messum

189 4592 209 4637 '-
225 4589 267 4660 L,·
288 4589 412 4644 Mestum
435 4590 493 4644 rell.
512 4605 573 4643 carm
591 4588 631 4656 A,
655 4589 690 4643 B.
711 4619 743 4628 -
763 4588 801 4642 80
819 4591 940 4643 maestas
959 4591 1000 4655 A,
1019 4590 1060 4644 cd.
1079 4590 1162 4657 Bas.;
1179 4606 1236 4646 non
1253 4590 1289 4645 B.
1310 4621 1342 4630 -
1362 4607 1408 4646 ex-

144 4672 285 4725 ·-Jvmere
307 4669 351 4735 A,
374 4667 417 4735 B,
442 4667 514 4735 Gen,
537 4669 578 4735 L,
602 4669 647 4736 H;
674 4672 703 4722 et
726 4685 853 4738 promere
876 4672 905 4738 (i.
930 4687 951 4724 e.
976 4672 1145 4739 ecpromere)
1169 4671 1209 4725 ed.
1229 4671 1297 4726 Bas.
1316 4701 1350 4710 -
1368 4670 1405 4726 81

141 4728 259 4816 baffi„
277 4750 314 4816 cs.
334 4752 390 4802 383
409 4750 426 4803 1.
446 4747 600 4816 remissum,
619 4747 742 4805 missum.
763 4779 796 4790 -
815 4748 918 4803 XXVII
934 4767 979 4818 pr.
1001 4748 1035 4805 G.
