3164 5326
321 109 410 177 cvm
430 115 453 164 a
473 109 638 165 susovno
657 109 707 164 xv
726 110 981 166 excruciemur
1001 112 1144 168 carun.
1164 130 1187 169 ο.
1207 131 1233 182 q.
1253 132 1274 169 a.
1346 98 1419 176 '281

165 278 332 358 servatur,
357 274 504 358 aliosque
529 274 666 339 minoris
690 277 785 360 pretii
814 275 915 341 libros
939 298 1056 342 novam
1080 277 1222 361 suscepit
1245 276 1419 341 editionem

164 403 314 466 eamque,
340 404 414 446 cum
439 381 559 447 iniuria
582 387 764 467 temporum
787 405 845 467 per
868 383 934 448 tria
956 404 1058 468 paene
1082 383 1237 449 decennia
1259 383 1423 469 iacuisset,

162 489 330 573 prompsit
359 512 386 554 a.
418 489 504 554 1614
533 489 680 554 Lutetiae
709 512 746 554 ac
775 488 893 555 Seduni
921 512 980 575 per
1007 492 1142 574 amicos,
1175 491 1295 555 omisso
1324 495 1361 555 ut
1389 492 1423 555 in

163 597 275 681 priore
299 595 438 662 auctoris
456 599 598 664 nomine.
634 597 683 662 De
704 620 767 683 quo
785 602 896 661 tamen
916 596 1060 662 dubitari
1079 598 1170 663 nullo
1188 605 1284 681 pacto
1305 603 1423 683 potest,

163 725 239 769 cum
271 703 463 786 praesertim
495 705 565 788 ipse
596 728 627 789 p.
657 706 698 770 87
732 711 883 770 notarum
912 703 952 768 ad
979 723 1033 788 pg.
1057 705 1122 770 41.
1150 705 1308 770 tolutim
1336 704 1423 770 dieat

162 812 325 877 monitum
349 810 387 875 de
410 832 445 875 re
467 810 607 896 quadam
630 834 650 876 a
674 834 708 876 se
731 813 765 876 iu
789 811 981 876 commentis
1005 811 1046 877 ad
1069 812 1322 878 Aristaenetum.

256 917 346 983 Haeo
369 918 471 1003 igitur
494 918 594 984 editio
619 919 774 1002 omnium,
797 940 879 1002 quae
902 922 978 982 ante
1001 940 1073 983 eam
1091 918 1232 997 fuerunt,
1256 919 1423 1004 longeest

164 1030 200 1091 et
223 1023 488 1090 emendatissima
511 1029 545 1089 et
568 1025 833 1110 locupletissime.
870 1024 957 1090 Nam
981 1046 1047 1090 uon
1070 1025 1165 1090 modo
1185 1024 1220 1089 in
1237 1029 1329 1091 textu
1349 1048 1422 1090 con-

164 1131 334 1199 stituendo
362 1132 435 1215 plus
464 1133 528 1197 sibi
556 1133 697 1217 sumpsit
724 1132 885 1197 libertatis
914 1152 1010 1215 quam
1039 1137 1149 1217 antea3
1177 1132 1235 1197 sed
1263 1155 1422 1198 commen·

163 1240 251 1306 tario
276 1238 397 1323 addito,
420 1241 485 1325 qui,
507 1244 544 1305 ut
565 1241 693 1306 solebat
714 1240 784 1304 fieri
808 1242 914 1304 aetate
932 1237 1000 1317 illa,
1022 1261 1089 1304 non
1108 1240 1211 1304 multa
1229 1241 1421 1324 contineret,

132 1355 136 1368 '
164 1347 222 1415 sed
247 1348 395 1430 multum,
418 1350 451 1412 et
474 1347 513 1412 de
537 1347 737 1413 emendando
762 1346 856 1411 etde
880 1347 1071 1431 explicando
1093 1347 1201 1413 Nonio
1225 1346 1349 1431 optime
1372 1353 1423 1413 est

163 1454 315 1537 meritus3
352 1476 548 1539 quamquam
585 1459 713 1520 secutus
750 1453 936 1538 aequalium
974 1475 1097 1519 morem
1133 1455 1167 1519 in
1202 1456 1420 1520 memorandis

164 1561 313 1628 codicum
340 1561 511 1645 scripturis
538 1583 604 1627 non
631 1561 681 1624 ita
707 1559 770 1624 fuit
797 1563 965 1625 accuratus
993 1583 1096 1645 neque
1123 1565 1231 1626 cetera
1258 1563 1421 1646 aequabili

164 1667 381 1753 pertractavit
413 1667 591 1753 diligentia.
614 1706 657 1714 -
681 1668 852 1732 Praeterea
885 1689 958 1731 cum
991 1668 1098 1733 studio
1128 1669 1297 1733 duceretur
1324 1668 1422 1734 tradi-

164 1776 305 1858 tionem,
333 1796 415 1859 quae
439 1775 502 1859 ipsi
527 1777 703 1858 videretur,
732 1774 888 1857 optimam
913 1773 975 1839 hoc
1003 1778 1053 1838 est
1075 1773 1149 1839 libri
1171 1773 1333 1840 Victorini
1355 1798 1421 1841 me-

163 1881 304 1948 moriam
322 1881 475 1948 reddendi
494 1884 684 1967 accuratius,
702 1881 789 1947 haud
807 1903 882 1945 raro
902 1881 943 1945 ab
962 1902 1000 1946 eo
1020 1885 1149 1965 spretae
1168 1883 1323 1947 lectiones
1341 1905 1421 1968 quas

163 1990 290 2075 priores
318 1990 571 2074 suppeditabant
597 1990 768 2073 editiones,
797 2011 934 2073 quarum
959 1987 1089 2052 minime
1113 2012 1191 2054 usus
1214 1990 1342 2054 tollitur
1365 1990 1421 2055 ad-

163 2097 273 2162 hibita
296 2095 481 2163 recensione
504 2098 647 2163 Merceri.

256 2202 410 2269 Ceterum
438 2205 523 2289 quod
550 2205 631 2270 dicit
654 2204 844 2269 Gerlachius
873 2203 1014 2287 plurima
1037 2204 1070 2268 iu
1094 2203 1220 2269 schedis
1243 2202 1420 2269 Passeratir

164 2309 298 2375 ineditis
321 2311 473 2396 inveniri,
501 2335 583 2397 quae
607 2336 627 2378 a
649 2313 793 2378 Mercero
817 2312 851 2377 in
874 2311 1039 2396 propriam
1064 2334 1131 2376 rem
1155 2311 1326 2390 videantur
1349 2335 1420 2377 esse

166 2439 333 2500 conversa,
357 2421 508 2483 notarum
531 2420 661 2484 illarum
685 2418 859 2483 maximam
881 2421 1009 2501 partem
1034 2442 1061 2483 a.
1087 2419 1172 2484 1612
1196 2419 1287 2503 typis
1311 2421 1419 2505 vulga-

164 2532 244 2609 tam,
266 2546 371 2608 pauoa
393 2528 501 2589 autem
525 2549 693 2610 superesse
716 2525 838 2589 inedita
861 2524 962 2589 refert
984 2523 1197 2599 Quicheratus
1222 2547 1274 2611 pg.
1298 2525 1369 2592 XV.

256 2630 350 2696 Libri
377 2637 506 2716 praeter
528 2633 747 2716 Victorinum,
775 2654 791 2696 e
816 2632 933 2716 quibus
957 2637 1108 2715 excerpta
1132 2633 1267 2697 subinde
1290 2633 1421 2698 exhibet

164 2740 344 2821 Mercerue,
367 2736 495 2804 Nicolai
518 2739 630 2823 Fabri,
652 2740 763 2805 Iacobi
787 2736 922 2820 Ouiacii,
944 2738 1050 2803 Isaaoi
1074 2739 1258 2805 Casauboni
1282 2742 1420 2806 multum

164 2848 257 2912 fuere
285 2846 461 2911 deteriores
488 2847 749 2931 Guelferbitan03
777 2847 922 2913 omnium
951 2849 1059 2911 autem
1086 2847 1259 2930 pessimus,
1286 2854 1323 2912 ut
1350 2848 1420 2933 ipse

164 2952 343 3037 intellexit,
380 2974 474 3038 quem
511 2954 616 3038 primo
653 2955 748 3037 posui
785 2953 865 3018 loeo.
911 2951 1034 3018 Ouiacii
1072 2958 1105 3018 et
1141 2951 1327 3018 (lasauboni
1364 2955 1419 3039 qui

162 3063 308 3146 fuerunt,
331 3081 385 3125 eos
408 3059 494 3125 idem
518 3061 598 3125 dicit
621 3082 736 3145 parum
759 3059 858 3124 luisse
881 3059 1027 3144 integros
1052 3082 1089 3125 ac
1112 3065 1281 3145 praeterea
1299 3061 1421 3126 omissa

162 3170 199 3233 in
233 3171 372 3251 utroque
404 3189 424 3231 a
456 3167 597 3232 librariis
631 3188 848 3252 quaecumque
881 3167 1068 3231 viderentur
1100 3169 1215 3232 affecta
1248 3190 1317 3232 esse
1349 3189 1420 3253 gra-

163 3275 253 3358 vius,
289 3295 348 3338 nec
385 3296 451 3339 non
486 3275 579 3338 illum
607 3279 724 3357 ,aetate
758 3275 861 3339 multo
894 3273 1080 3339 inferiorem
1114 3272 1298 3360 Victorino,
1335 3275 1420 3340 hunc

160 3381 337 3466 nutiquam
364 3381 617 3465 comparandum
647 3405 719 3447 cum
748 3382 868 3446 eodem.
893 3417 934 3427 -
959 3379 1047 3445 Raro
1075 3381 1177 3464 igitur
1204 3381 1376 3446 admodum
1401 3406 1420 3448 a

160 3488 263 3555 nobis
288 3492 363 3552 sunt
385 3487 565 3552 memorati.

258 3593 393 3659 Mercari
430 3596 606 3677 exemplar,
643 3597 728 3680 quod
766 3597 864 3660 etiam
902 3616 979 3659 usus
1017 3594 1258 3678 commoditate,
1295 3595 1419 3661 adiecto

162 3706 340 3770 auctorum
367 3700 473 3765 indice
501 3702 580 3766 satis
605 3703 779 3785 locuplete,
807 3702 996 3785 praestabat
1020 3701 1241 3786 superioribus
1264 3707 1419 3787 tempore,
1470 3728 1472 3734 ·

163 3830 244 3874 mox
273 3807 436 3872 communi
464 3807 633 3875 doctorum
663 3833 736 3893 usu,
768 3815 805 3874 ut
833 3809 979 3891 decebat,
1008 3811 1069 3873 teri
1097 3813 1260 3892 coeptum,
1289 3810 1420 3895 eiusque

162 3913 309 4002 paginae
346 3913 379 3977 in
417 3913 544 3979 citando
578 3914 686 3981 Nonio
724 3917 798 3981 addi
831 3917 956 3981 solitae.
1006 3915 1194 4000 Repetitunr
1227 3921 1336 3981 autem
1370 3925 1421 3983 est

161 4019 296 4106 Lipsiae
324 4043 351 4084 a.
380 4022 478 4100 1826,
507 4023 660 4087 correctis
689 4023 818 4107 quidem
847 4023 1010 4087 erroribus
1039 4046 1223 4108 operarum,
1249 4024 1304 4108 qui
1334 4025 1420 4090 haud

161 4127 262 4216 pauci
286 4126 496 4212 irrepserant,
519 4131 575 4194 sed
599 4131 673 4194 aliis
693 4130 866 4194 identidem
886 4130 996 4195 illatis.
1033 4131 1114 4195 Eius
1134 4130 1286 4195 editionis
1307 4139 1420 4199 auctor

167 4236 233 4301 fuit
265 4235 425 4300 Ernestus
459 4235 760 4322 spangenbergius,
793 4239 848 4321 qui
881 4242 914 4302 et
946 4237 1092 4303 Merulae
1125 4260 1218 4302 curas
1251 4238 1419 4304 Enniauas

162 4346 287 4409 iterum
317 4342 446 4407 excudit
472 4366 499 4408 a.
526 4343 621 4410 1825.
647 4381 684 4390 -
710 4344 894 4409 Praemissa
916 4366 1019 4429 pauca
1043 4367 1143 4429 eaque
1167 4346 1248 4409 satis
1271 4346 1357 4410 levia
1380 4347 1418 4411 de

164 4451 250 4530 vita,
283 4450 429 4535 scriptis,
461 4451 639 4534 codicibus,
673 4450 871 4515 editionibus
899 4450 1005 4516 Nonii.
1028 4487 1070 4497 —
1094 4450 1165 4516 Nos
1198 4452 1321 4516 scilicet
1348 4454 1419 4543 ipso

165 4557 305 4623 Mercari
329 4556 414 4621 libro
439 4558 498 4623 usi
