3164 5326
273 334 322 389 DE
342 333 533 391 conlclssvs
553 333 592 387 ΙΝ
613 333 684 389 HAG
704 332 879 388 EDITIONE
899 332 1092 388 ADHIBITIS.
1246 332 1311 396 303

57 500 217 584 quaedam
238 502 333 583 bona,
351 500 384 563 in
404 520 485 582 quae
504 497 763 581 interpolationis
784 497 924 581 suspicio
944 496 1056 562 cadere
1076 518 1143 561 non
1157 495 1313 580 videatur,

57 607 144 672 hanc
168 607 352 692 opinionem
376 605 511 670 deserui.

103 752 108 760 ·
151 712 238 778 Vsus
258 719 309 778 est
327 714 361 777 in
381 713 518 777 alteram
538 711 713 777 editionem
730 711 892 776 Mercerus
912 710 1029 793 codice,
1050 733 1144 795 quem
1163 710 1313 775 maximis

58 822 155 885 effert
174 820 333 903 laudibus,
352 818 503 885 abbatiae
522 817 553 883 S.
572 818 726 900 Victoris,
745 839 827 902 quae
846 821 916 882 tum
936 824 1006 882 erat
1023 817 1181 883 Lutetiae.
1219 817 1314 882 Hunc

57 928 146 1012 quod
176 927 366 992 Gerlachius
398 923 513 1010 (praef,
540 946 592 1010 pg.
621 922 730 1010 XXV)
761 923 879 1008 aliique
908 927 1051 990 statuere
1079 925 1214 989 eundem
1243 946 1313 989 esse

57 1057 134 1100 cum
159 1034 415 1115 Guelferbitano,
437 1053 488 1096 res
512 1036 561 1096 est
584 1033 651 1096 veri
675 1031 849 1096 simillima.
895 1029 980 1096 Nam
1004 1053 1076 1097 cum
1100 1032 1174 1098 aliis
1198 1032 1313 1116 pleris-

56 1164 138 1228 que,
166 1164 248 1226 quae
276 1163 314 1204 ex
342 1144 479 1223 utroque
507 1139 590 1202 libro
620 1143 697 1203 sunt
725 1142 889 1220 excerpta,
917 1138 1049 1202 mirifice
1072 1139 1157 1203 inter
1181 1161 1215 1203 se
1239 1160 1312 1202 con-

56 1249 182 1331 veniat,
212 1255 281 1312 tum
310 1248 406 1330 longe
434 1245 662 1330 gravissimum
691 1249 741 1309 est
766 1243 863 1327 illud,
891 1245 977 1327 quod
1005 1267 1088 1329 quae
1111 1245 1146 1326 3,
1172 1246 1212 1309 15
1239 1251 1315 1330 post

57 1354 216 1439 paginam
241 1375 278 1418 ex
303 1374 371 1435 cap.
390 1350 438 1415 IV
461 1373 631 1436 perperam
655 1350 850 1415 translatam
873 1349 1026 1434 leguntur
1046 1350 1156 1416 addita
1174 1352 1215 1416 ad
1234 1352 1314 1417 illud

60 1459 163 1525 ‘leat'
182 1459 232 1523 liic
249 1461 359 1524 desum
375 1463 522 1541 quattuor
540 1460 646 1536 lineae,
668 1479 747 1541 quae
765 1459 800 1522 ia
818 1459 970 1522 comatico
987 1478 1051 1523 reon
1068 1462 1159 1523 erord
1174 1460 1315 1542 ecrqrtoq

59 1590 101 1633 ex
124 1568 214 1631 nullo
239 1567 323 1631 libro
347 1570 424 1631 sunt
448 1569 562 1631 notata
586 1567 648 1630 nisi
673 1588 711 1630 ex
734 1564 981 1630 Guelferbitano
1005 1568 1038 1628 et
1062 1564 1261 1630 Victoriana.

151 1673 242 1738 Adde
275 1674 361 1758 quod
393 1673 541 1756 glosema
574 1672 616 1737 ad
646 1672 726 1736 illud
757 1675 872 1736 vatax
903 1670 1100 1754 adscriptum
1129 1694 1183 1757 pg.
1212 1672 1255 1737 25
1283 1674 1315 1736 in

59 1782 231 1866 utriusque
255 1781 376 1865 legitur
399 1780 475 1844 libri
495 1781 654 1864 margine3
678 1779 763 1864 quod
783 1800 860 1844 sane
878 1799 936 1842 nec
956 1780 997 1842 ab
1018 1778 1193 1844 Harleiano
1214 1781 1317 1844 abest.

152 1887 241 1964 Quae
269 1909 342 1952 cum
370 1886 418 1951 ita
441 1885 521 1969 sint,
548 1887 740 1970 ubicumque
764 1886 972 1951 Victorianus
996 1890 1028 1950 et
1051 1885 1315 1952 Guelferbitanus

61 1997 149 2060 inter
172 2017 206 2061 se
229 1986 379 2061 videntur
402 1993 598 2077 discrepare,
621 1994 653 2057 id
676 2016 753 2059 vero
775 1993 862 2057 haud
886 1992 981 2057 dubie
1004 1993 1077 2057 inde
1100 1994 1317 2078 repetendum,

23 2100 27 2111 “
59 2102 149 2189 quod
172 2101 336 2168 Mercerus
364 2122 453 2165 more
480 2100 600 2164 saeculi
629 2102 680 2166 sui
708 2121 805 2183 saepe
834 2099 940 2164 minus
970 2099 1143 2185 diligenter
1170 2105 1316 2166 versatus

60 2214 113 2275 est
140 2211 175 2274 in
202 2210 313 2276 codice
342 2230 453 2272 eorum
482 2208 599 2292 quibus
628 2208 779 2273 utebatur
807 2206 931 2291 optimo
961 2209 1160 2293 excerpendo
1184 2210 1316 2294 eiusque

63 2316 299 2403 dittographiis
323 2316 364 2379 ab
389 2314 527 2378 aliorum
551 2315 762 2380 dicernendis.

154 2423 200 2487 At
223 2424 309 2508 quod
332 2422 557 2505 Quicheratus,
583 2421 639 2505 qui
662 2441 715 2506 pg.
738 2420 847 2485 XXIV
872 2421 970 2484 refert
992 2427 1216 2504 comparatum
1240 2445 1260 2486 a
1283 2445 1317 2487 se

61 2529 229 2614 exemplar
256 2529 407 2594 editionis
430 2528 599 2611 Iunianae,
627 2529 660 2593 in
689 2550 753 2612 quo
776 2528 912 2594 Mercari
941 2551 1038 2592 manu
1066 2532 1175 2601 essent
1202 2533 1318 2594 notata

61 2637 170 2702 multa
202 2642 235 2700 ct
266 2637 300 2700 in
327 2636 380 2701 his
409 2635 506 2700 etiam
534 2636 693 2700 lectiones
722 2634 879 2720 quaedam
907 2635 982 2698 libri
1012 2635 1186 2719 Victorini,
1217 2640 1317 2722 negat

61 2743 200 2809 eundem
229 2765 299 2808 ease
328 2741 359 2807 S.
382 2741 525 2807 Victoris
553 2742 672 2807 librum
702 2747 734 2807 et
757 2742 1050 2825 Guelferbitanum,
1078 2742 1220 2808 rationes
1247 2744 1316 2807 eius

63 2856 135 2916 tam
160 2854 237 2915 sunt
259 2850 423 2932 mirificae,
446 2853 483 2913 ut
506 2870 560 2912 eas
583 2849 684 2914 nolim
707 2850 810 2915 celare
834 2849 955 2913 doctos.

154 2960 201 3022 Ac
230 2958 369 3041 primum
398 2956 529 3041 quidem
559 2956 656 3020 refert
683 2977 736 3041 pg.
761 2955 824 3020 Xll
854 2955 895 3020 ab
924 2953 1054 3020 Osauno
1085 2957 1314 3021 Analectorum

61 3064 249 3129 criticorum
283 3063 483 3147 praefatione
516 3063 638 3126 editum
667 3061 804 3126 indicem
834 3060 954 3126 codicis
983 3061 1217 3128 Guelferbitani
1244 3086 1317 3128 eum

62 3170 279 3255 inscriptione
303 3168 460 3254 deperditi
484 3168 711 3253 capitisXV13
736 3169 791 3253 qui
815 3169 844 3232 si
861 3167 1060 3233 innotuisset
1077 3168 1229 3254 Mereero,
1253 3193 1317 3235 non

60 3276 163 3342 fuisse
182 3275 328 3341 futurum
347 3281 384 3341 ut
401 3297 469 3340 rem
488 3281 557 3340 tam
577 3296 709 3360 gravem
730 3274 859 3339 silentio
879 3277 1045 3342 omitteret
1063 3276 1126 3341 ille.
1148 3314 1185 3323 —
1208 3277 1318 3343 Possis

62 3382 260 3466 respondere
289 3404 353 3447 non
381 3383 476 3447 modo
501 3382 579 3446 alibi
602 3405 675 3447 eum
698 3382 924 3466 neglegentius
948 3405 1040 3447 usum
1065 3389 1098 3448 et
1121 3383 1151 3449 S.
1175 3384 1319 3450 Victoris

62 3489 148 3554 libro
169 3494 201 3552 et
220 3488 303 3568 aliis,
322 3488 378 3553 sed
398 3489 509 3552 eodem
527 3489 596 3553 iure
611 3489 706 3554 licere
721 3489 842 3572 negari,
862 3488 948 3574 quod
967 3488 1155 3555 Gerlachius
1176 3491 1318 3556 codicem

62 3596 195 3660 triverit
219 3594 476 3680 Lugdunensem.
511 3595 595 3660 Nam
619 3597 647 3659 is
671 3619 736 3660 non
757 3598 861 3680 magis
880 3596 958 3661 facit
977 3599 1175 3663 mentionem
1193 3599 1319 3681 indicis,

62 3703 119 3788 qui
143 3703 177 3767 in
201 3703 263 3767 hoc
286 3707 402 3767 exstat.

155 3808 202 3874 At
232 3830 336 3894 neque
367 3809 403 3874 in
432 3808 677 3874 Guelferbitano
709 3810 771 3873 fuit
803 3831 955 3894 umquam
989 3810 1085 3875 index
1115 3813 1204 3896 talis,
1236 3814 1320 3878 sicut

63 3916 309 3982 Heinemannus
327 3936 388 3980 nos
408 3915 525 4000 docuit,
545 3938 647 4000 neque
667 3916 842 4002 quidquam
857 3917 922 3981 tale
936 3919 1075 3982 testatus
1090 3923 1140 3983 est
1154 3919 1319 4003 Osannus3

62 4025 118 4109 qui
148 4025 182 4088 in
212 4023 413 4106 praefatione
442 4024 674 4087 Analectorum
704 4022 898 4088 Criticorum
923 4044 999 4108 pgg.
1024 4024 1087 4089 Vll
1103 4048 1171 4110 sqq.
1200 4048 1318 4091 memo·

62 4134 136 4195 rato
161 4127 407 4195 Guelferbitano
432 4130 533 4213 addit,
560 4151 624 4193 non
648 4151 686 4192 ex
710 4129 782 4216 hoe,
805 4130 859 4195 sed
884 4152 922 4195 ex
946 4130 1055 4196 codice
1079 4132 1112 4195 in
1138 4133 1319 4198 Ezechielis

63 4235 256 4321 Spanhemii
291 4236 431 4301 editione
463 4236 663 4301 Mercariana
696 4242 889 4322 memorato,
926 4260 1022 4322 quam
1053 4239 1086 4302 in
1120 4240 1319 4306 bibliotheca
1355 4296 1359 4303 ,

65 4343 268 4408 Berolinensi
291 4341 460 4427 invenerit,
483 4343 622 4408 indicem
646 4344 739 4408 illum
764 4367 783 4408 a
807 4367 842 4409 se
864 4346 1038 4429 prolatum.

155 4449 256 4514 Porro
280 4451 313 4513 in
338 4448 576 4515 Guelferbitani
599 4451 705 4533 titulo,
731 4457 767 4516 ut
786 4451 1028 4517 Heinemannus
1053 4452 1139 4536 dicit,
1163 4455 1317 4538 scriptum

63 4562 114 4622 est
137 4555 376 4641 Tubertieensia,
399 4561 435 4622 ut
453 4556 642 4621 Gerlachius
662 4562 793 4622 auctore
815 4558 944 4640 Rothio,
963 4560 995 4623 id
1017 4582 1058 4623 m.
1078 4582 1138 4625 sec.
1158 4566 1318 4625 mutatum

63 4665 98 4728 in
131 4662 377 4749 Tuburcicensr's,
410 4687 448 4728 ex
476 4665 560 4729 libro
591 4662 621 4728 S.
650 4663 794 4729 Victoris
823 4688 842 4728 a
870 4664 1013 4730 Mercero
1041 4671 1190 4732 notatum
1221 4669 1320 4732 refert

64 4769 283 4845 Quicheratus
306 4770 388 4835 illud
410 4770 647 4848 Titaressos&
673 4794 753 4856 quae
776 4771 872 4836 facila
897 4778 1032 4855 apparet
1054 4796 1148 4858 quam
1175 4777 1218 4840 sit
1238 4776 1316 4840 levis
