<?xml version="1.0" encoding="UTF-8"?>
<!DOCTYPE html PUBLIC "-//W3C//DTD XHTML 1.0 Transitional//EN"
    "http://www.w3.org/TR/xhtml1/DTD/xhtml1-transitional.dtd">
<html xmlns="http://www.w3.org/1999/xhtml" xml:lang="en" lang="en">
 <head>
  <title>
</title>
<meta http-equiv="Content-Type" content="text/html;charset=utf-8" />
  <meta name='ocr-system' content='tesseract 3.04.00' />
  <meta name='ocr-capabilities' content='ocr_page ocr_carea ocr_par ocr_line ocrx_word'/>
</head>
<body>
  <div class='ocr_page' id='page_1' title='image "./nonimarcellicom00marcgoog_0584.png"; bbox 0 0 3164 5326; ppageno 0'>
   <div class='ocr_carea' id='block_1_1' title="bbox 412 336 1440 469">
    <p class='ocr_par' dir='ltr' id='par_1_1' title="bbox 412 336 1440 469">
     <span class='ocr_line' id='line_1_1' title="bbox 412 336 1438 402; baseline 0.003 -8"><span class='ocrx_word' id='word_1_1' title='bbox 412 340 462 395; x_wconf 79' lang='lat' dir='ltr'><strong>Du</strong></span> <span class='ocrx_word' id='word_1_2' title='bbox 482 341 594 394; x_wconf 77' lang='lat' dir='ltr'><strong>veuls</strong></span> <span class='ocrx_word' id='word_1_3' title='bbox 614 337 904 395; x_wconf 77' lang='lat' dir='ltr'><strong>SIGNlFICATIONll</strong></span> <span class='ocrx_word' id='word_1_4' title='bbox 925 336 1137 394; x_wconf 75' lang='lat' dir='ltr'><strong>Snunouvu.</strong></span> <span class='ocrx_word' id='word_1_5' title='bbox 1165 336 1213 392; x_wconf 85' lang='lat' dir='ltr'><strong>lv.</strong></span> <span class='ocrx_word' id='word_1_6' title='bbox 1375 339 1438 402; x_wconf 78' lang='lat'><strong>561</strong></span> 
     </span>
     <span class='ocr_line' id='line_1_2' title="bbox 1296 429 1440 469; baseline 0.007 -1"><span class='ocrx_word' id='word_1_7' title='bbox 1296 431 1342 469; x_wconf 75' lang='lat' dir='ltr'><strong>sio.</strong></span> <span class='ocrx_word' id='word_1_8' title='bbox 1357 431 1395 469; x_wconf 76' lang='lat' dir='ltr'><strong>:ns</strong></span> <span class='ocrx_word' id='word_1_9' title='bbox 1410 429 1440 469; x_wconf 80' lang='grc' dir='ltr'><strong>Μ.</strong></span> 
     </span>
    </p>
   </div>
   <div class='ocr_carea' id='block_1_2' title="bbox 282 500 1111 693">
    <p class='ocr_par' dir='ltr' id='par_1_2' title="bbox 282 500 1111 693">
     <span class='ocr_line' id='line_1_3' title="bbox 282 500 1111 587; baseline -0.006 -18"><span class='ocrx_word' id='word_1_10' title='bbox 282 522 401 570; x_wconf 75' lang='lat' dir='ltr'><strong>nonni:</strong></span> <span class='ocrx_word' id='word_1_11' title='bbox 426 511 476 569; x_wconf 87' lang='lat' dir='ltr'><strong>est</strong></span> <span class='ocrx_word' id='word_1_12' title='bbox 499 526 565 568; x_wconf 89' lang='lat' dir='ltr'><strong>non</strong></span> <span class='ocrx_word' id='word_1_13' title='bbox 587 503 711 568; x_wconf 89' lang='lat' dir='ltr'><strong>durum.</strong></span> <span class='ocrx_word' id='word_1_14' title='bbox 749 500 915 587; x_wconf 84' lang='lat' dir='ltr'><strong>Vergilius</strong></span> <span class='ocrx_word' id='word_1_15' title='bbox 939 502 993 566; x_wconf 92' lang='lat' dir='ltr'>lib.</span> <span class='ocrx_word' id='word_1_16' title='bbox 1016 500 1111 565; x_wconf 86' lang='lat' dir='ltr'><strong>VIII:</strong></span> 
     </span>
     <span class='ocr_line' id='line_1_4' title="bbox 351 623 1041 693; baseline -0.006 -11"><span class='ocrx_word' id='word_1_17' title='bbox 351 626 484 682; x_wconf 90' lang='lat' dir='ltr'><strong>mollibus</strong></span> <span class='ocrx_word' id='word_1_18' title='bbox 504 643 519 680; x_wconf 88' lang='lat' dir='ltr'><strong>c</strong></span> <span class='ocrx_word' id='word_1_19' title='bbox 538 625 634 680; x_wconf 88' lang='lat' dir='ltr'><strong>stratis</strong></span> <span class='ocrx_word' id='word_1_20' title='bbox 654 639 740 693; x_wconf 88' lang='lat' dir='ltr'><strong>opera</strong></span> <span class='ocrx_word' id='word_1_21' title='bbox 758 624 794 678; x_wconf 85' lang='lat' dir='ltr'><strong>ad</strong></span> <span class='ocrx_word' id='word_1_22' title='bbox 813 623 926 678; x_wconf 73' lang='lat' dir='ltr'>fabrilia</span> <span class='ocrx_word' id='word_1_23' title='bbox 944 624 1041 693; x_wconf 81' lang='lat' dir='ltr'><strong>surgit</strong></span> 
     </span>
    </p>
   </div>
   <div class='ocr_carea' id='block_1_3' title="bbox 280 733 658 821">
    <p class='ocr_par' dir='ltr' id='par_1_3' title="bbox 280 733 658 821">
     <span class='ocr_line' id='line_1_5' title="bbox 280 733 658 821; baseline -0.008 -20"><span class='ocrx_word' id='word_1_24' title='bbox 280 737 366 802; x_wconf 90' lang='lat' dir='ltr'><strong>idem</strong></span> <span class='ocrx_word' id='word_1_25' title='bbox 391 735 507 821; x_wconf 81' lang='lat' dir='ltr'><strong>Georg.</strong></span> <span class='ocrx_word' id='word_1_26' title='bbox 532 736 586 801; x_wconf 92' lang='lat' dir='ltr'>lib.</span> <span class='ocrx_word' id='word_1_27' title='bbox 609 733 658 799; x_wconf 81' lang='lat'><strong>11:</strong></span> 
     </span>
    </p>
   </div>
   <div class='ocr_carea' id='block_1_4' title="bbox 144 855 1091 928">
    <p class='ocr_par' dir='ltr' id='par_1_4' title="bbox 144 855 1091 928">
     <span class='ocr_line' id='line_1_6' title="bbox 144 855 1091 928; baseline -0.005 -12"><span class='ocrx_word' id='word_1_28' title='bbox 144 868 170 916; x_wconf 77' lang='lat' dir='ltr'><strong>to</strong></span> <span class='ocrx_word' id='word_1_29' title='bbox 350 858 420 928; x_wconf 88' lang='lat' dir='ltr'><strong>quid</strong></span> <span class='ocrx_word' id='word_1_30' title='bbox 437 875 553 913; x_wconf 90' lang='lat' dir='ltr'><strong>nemora</strong></span> <span class='ocrx_word' id='word_1_31' title='bbox 571 857 741 926; x_wconf 75' lang='lat' dir='ltr'><strong>Aethiopum</strong></span> <span class='ocrx_word' id='word_1_32' title='bbox 761 855 841 911; x_wconf 91' lang='lat' dir='ltr'><strong>molli</strong></span> <span class='ocrx_word' id='word_1_33' title='bbox 860 857 991 912; x_wconf 74' lang='lat' dir='ltr'>canentia</span> <span class='ocrx_word' id='word_1_34' title='bbox 1009 857 1091 912; x_wconf 80' lang='lat' dir='ltr'><strong>lana?</strong></span> 
     </span>
    </p>
   </div>
   <div class='ocr_carea' id='block_1_5' title="bbox 188 965 1111 1053">
    <p class='ocr_par' dir='ltr' id='par_1_5' title="bbox 188 965 1111 1053">
     <span class='ocr_line' id='line_1_7' title="bbox 188 965 1111 1053; baseline -0.007 -18"><span class='ocrx_word' id='word_1_35' title='bbox 188 969 199 1049; x_wconf 64' lang='lat' dir='ltr'><strong>i}</strong></span> <span class='ocrx_word' id='word_1_36' title='bbox 222 968 354 1052; x_wconf 86' lang='lat' dir='ltr'><strong>Molle,</strong></span> <span class='ocrx_word' id='word_1_37' title='bbox 378 990 498 1053; x_wconf 84' lang='lat' dir='ltr'><strong>recens,</strong></span> <span class='ocrx_word' id='word_1_38' title='bbox 520 990 649 1033; x_wconf 80' lang='lat' dir='ltr'><strong>novum.</strong></span> <span class='ocrx_word' id='word_1_39' title='bbox 686 965 851 1052; x_wconf 87' lang='lat' dir='ltr'><strong>Vergilius</strong></span> <span class='ocrx_word' id='word_1_40' title='bbox 876 968 909 1031; x_wconf 93' lang='lat' dir='ltr'><strong>in</strong></span> <span class='ocrx_word' id='word_1_41' title='bbox 934 965 1111 1032; x_wconf 89' lang='lat' dir='ltr'><strong>Bucolicis:</strong></span> 
     </span>
    </p>
   </div>
   <div class='ocr_carea' id='block_1_6' title="bbox 352 1087 1099 1226">
    <p class='ocr_par' dir='ltr' id='par_1_6' title="bbox 352 1087 1099 1226">
     <span class='ocr_line' id='line_1_8' title="bbox 724 1087 1099 1159; baseline 0.003 -19"><span class='ocrx_word' id='word_1_42' title='bbox 724 1090 789 1142; x_wconf 87' lang='lat' dir='ltr'><strong>sunt</strong></span> <span class='ocrx_word' id='word_1_43' title='bbox 807 1087 888 1143; x_wconf 90' lang='lat' dir='ltr'><strong>nobis</strong></span> <span class='ocrx_word' id='word_1_44' title='bbox 907 1088 988 1143; x_wconf 79' lang='lat' dir='ltr'><strong>mitia</strong></span> <span class='ocrx_word' id='word_1_45' title='bbox 1007 1105 1099 1159; x_wconf 81' lang='lat' dir='ltr'><strong>poma,</strong></span> 
     </span>
     <span class='ocr_line' id='line_1_9' title="bbox 352 1170 629 1226; baseline -0.004 -1"><span class='ocrx_word' id='word_1_46' title='bbox 352 1175 502 1226; x_wconf 76' lang='lat' dir='ltr'><strong>castaneae</strong></span> <span class='ocrx_word' id='word_1_47' title='bbox 522 1170 629 1224; x_wconf 89' lang='lat' dir='ltr'><strong>molles.</strong></span> 
     </span>
    </p>
   </div>
   <div class='ocr_carea' id='block_1_7' title="bbox 144 1277 1098 1588">
    <p class='ocr_par' dir='ltr' id='par_1_7' title="bbox 144 1277 1098 1588">
     <span class='ocr_line' id='line_1_10' title="bbox 189 1277 1098 1366; baseline -0.007 -18"><span class='ocrx_word' id='word_1_48' title='bbox 189 1282 199 1317; x_wconf 99' lang='lat'><strong>¹</strong></span> <span class='ocrx_word' id='word_1_49' title='bbox 223 1282 356 1366; x_wconf 89' lang='lat' dir='ltr'><strong>Molle,</strong></span> <span class='ocrx_word' id='word_1_50' title='bbox 379 1284 607 1366; x_wconf 88' lang='lat' dir='ltr'><strong>opportunum.</strong></span> <span class='ocrx_word' id='word_1_51' title='bbox 645 1278 811 1364; x_wconf 79' lang='lat' dir='ltr'><strong>Vergilius</strong></span> <span class='ocrx_word' id='word_1_52' title='bbox 838 1280 916 1343; x_wconf 82' lang='lat' dir='ltr'><strong>Aen.</strong></span> <span class='ocrx_word' id='word_1_53' title='bbox 940 1278 995 1344; x_wconf 94' lang='lat' dir='ltr'>lib.</span> <span class='ocrx_word' id='word_1_54' title='bbox 1019 1277 1098 1342; x_wconf 92' lang='lat' dir='ltr'>IllI:</span> 
     </span>
     <span class='ocr_line' id='line_1_11' title="bbox 144 1401 1022 1470; baseline -0.018 -6"><span class='ocrx_word' id='word_1_55' title='bbox 144 1423 170 1469; x_wconf 75' lang='lat' dir='ltr'><strong>to</strong></span> <span class='ocrx_word' id='word_1_56' title='bbox 352 1403 412 1457; x_wconf 88' lang='lat' dir='ltr'><strong>sola</strong></span> <span class='ocrx_word' id='word_1_57' title='bbox 431 1401 484 1457; x_wconf 84' lang='lat' dir='ltr'><strong>viri</strong></span> <span class='ocrx_word' id='word_1_58' title='bbox 502 1401 601 1456; x_wconf 88' lang='lat' dir='ltr'><strong>molles</strong></span> <span class='ocrx_word' id='word_1_59' title='bbox 622 1402 715 1456; x_wconf 87' lang='lat' dir='ltr'><strong>aditus</strong></span> <span class='ocrx_word' id='word_1_60' title='bbox 736 1403 765 1454; x_wconf 91' lang='lat' dir='ltr'><strong>et</strong></span> <span class='ocrx_word' id='word_1_61' title='bbox 782 1404 913 1470; x_wconf 79' lang='lat' dir='ltr'><strong>tempore</strong></span> <span class='ocrx_word' id='word_1_62' title='bbox 932 1418 1022 1456; x_wconf 78' lang='lat' dir='ltr'><strong>noras,</strong></span> 
     </span>
     <span class='ocr_line' id='line_1_12' title="bbox 279 1524 374 1588; baseline -0.021 0"><span class='ocrx_word' id='word_1_63' title='bbox 279 1524 374 1588; x_wconf 86' lang='lat' dir='ltr'><strong>item:</strong></span> 
     </span>
    </p>
   </div>
   <div class='ocr_carea' id='block_1_8' title="bbox 352 1622 1024 1777">
    <p class='ocr_par' dir='ltr' id='par_1_8' title="bbox 352 1622 1024 1777">
     <span class='ocr_line' id='line_1_13' title="bbox 620 1622 1024 1692; baseline -0.007 -16"><span class='ocrx_word' id='word_1_64' title='bbox 620 1629 648 1677; x_wconf 91' lang='lat' dir='ltr'><strong>et</strong></span> <span class='ocrx_word' id='word_1_65' title='bbox 667 1639 739 1692; x_wconf 86' lang='lat' dir='ltr'><strong>qnae</strong></span> <span class='ocrx_word' id='word_1_66' title='bbox 759 1622 927 1676; x_wconf 87' lang='lat' dir='ltr'><strong>mollissima</strong></span> <span class='ocrx_word' id='word_1_67' title='bbox 945 1622 1024 1675; x_wconf 84' lang='lat' dir='ltr'><strong>sandi</strong></span> 
     </span>
     <span class='ocr_line' id='line_1_14' title="bbox 352 1703 524 1777; baseline -0.012 -18"><span class='ocrx_word' id='word_1_68' title='bbox 352 1712 488 1774; x_wconf 82' lang='lat' dir='ltr'><strong>tempora.</strong></span> <span class='ocrx_word' id='word_1_69' title='bbox 509 1703 524 1777; x_wconf 80' lang='grc' dir='ltr'><strong>ΙΙ</strong></span> 
     </span>
    </p>
   </div>
   <div class='ocr_carea' id='block_1_9' title="bbox 158 1827 1277 1917">
    <p class='ocr_par' dir='ltr' id='par_1_9' title="bbox 158 1827 1277 1917">
     <span class='ocr_line' id='line_1_15' title="bbox 158 1827 1277 1917; baseline -0.002 -23"><span class='ocrx_word' id='word_1_70' title='bbox 158 1832 203 1917; x_wconf 76' lang='lat' dir='ltr'><strong>ll!</strong></span> <span class='ocrx_word' id='word_1_71' title='bbox 228 1831 360 1914; x_wconf 85' lang='lat' dir='ltr'><strong>Molle,</strong></span> <span class='ocrx_word' id='word_1_72' title='bbox 383 1831 462 1914; x_wconf 86' lang='lat' dir='ltr'><strong>leve,</strong></span> <span class='ocrx_word' id='word_1_73' title='bbox 485 1830 764 1895; x_wconf 88' lang='lat' dir='ltr'><strong>contemnendum.</strong></span> <span class='ocrx_word' id='word_1_74' title='bbox 802 1828 969 1913; x_wconf 87' lang='lat' dir='ltr'><strong>Vergilius</strong></span> <span class='ocrx_word' id='word_1_75' title='bbox 993 1827 1109 1914; x_wconf 83' lang='lat' dir='ltr'><strong>Georg.</strong></span> <span class='ocrx_word' id='word_1_76' title='bbox 1133 1831 1188 1893; x_wconf 90' lang='lat' dir='ltr'>lib.</span> <span class='ocrx_word' id='word_1_77' title='bbox 1212 1829 1277 1893; x_wconf 91' lang='lat' dir='ltr'>lll:</span> 
     </span>
    </p>
   </div>
   <div class='ocr_carea' id='block_1_10' title="bbox 512 1949 1053 2019">
    <p class='ocr_par' dir='ltr' id='par_1_10' title="bbox 512 1949 1053 2019">
     <span class='ocr_line' id='line_1_16' title="bbox 512 1949 1053 2019; baseline 0 -13"><span class='ocrx_word' id='word_1_78' title='bbox 512 1954 569 2019; x_wconf 79' lang='lat' dir='ltr'><strong>tna¹</strong></span> <span class='ocrx_word' id='word_1_79' title='bbox 588 1951 745 2018; x_wconf 79' lang='lat' dir='ltr'><strong>Maecenas,</strong></span> <span class='ocrx_word' id='word_1_80' title='bbox 765 1951 834 2005; x_wconf 92' lang='lat' dir='ltr'><strong>hant</strong></span> <span class='ocrx_word' id='word_1_81' title='bbox 853 1949 951 2005; x_wconf 91' lang='lat' dir='ltr'><strong>mollia</strong></span> <span class='ocrx_word' id='word_1_82' title='bbox 970 1950 1053 2006; x_wconf 86' lang='lat' dir='ltr'><strong>iussa.</strong></span> 
     </span>
    </p>
   </div>
   <div class='ocr_carea' id='block_1_11' title="bbox 224 2078 1445 2270">
    <p class='ocr_par' dir='ltr' id='par_1_11' title="bbox 224 2078 1445 2270">
     <span class='ocr_line' id='line_1_17' title="bbox 282 2078 1445 2163; baseline -0.001 -17"><span class='ocrx_word' id='word_1_83' title='bbox 282 2080 325 2146; x_wconf 89' lang='lat' dir='ltr'><strong>M.</strong></span> <span class='ocrx_word' id='word_1_84' title='bbox 345 2079 469 2144; x_wconf 87' lang='lat' dir='ltr'><strong>Tullius</strong></span> <span class='ocrx_word' id='word_1_85' title='bbox 493 2078 533 2143; x_wconf 88' lang='lat' dir='ltr'><strong>de</strong></span> <span class='ocrx_word' id='word_1_86' title='bbox 557 2083 737 2143; x_wconf 71' lang='lat' dir='ltr'><strong>senectute:</strong></span> <span class='ocrx_word' id='word_1_87' title='bbox 761 2079 846 2163; x_wconf 90' lang='lat' dir='ltr'><strong>quod</strong></span> <span class='ocrx_word' id='word_1_88' title='bbox 869 2080 1040 2143; x_wconf 88' lang='lat' dir='ltr'><strong>ferundum</strong></span> <span class='ocrx_word' id='word_1_89' title='bbox 1066 2083 1117 2143; x_wconf 85' lang='lat' dir='ltr'><strong>est</strong></span> <span class='ocrx_word' id='word_1_90' title='bbox 1135 2079 1278 2144; x_wconf 91' lang='lat' dir='ltr'><strong>molliter</strong></span> <span class='ocrx_word' id='word_1_91' title='bbox 1297 2081 1445 2163; x_wconf 87' lang='lat' dir='ltr'><strong>sapienti.</strong></span> 
     </span>
     <span class='ocr_line' id='line_1_18' title="bbox 224 2185 1321 2270; baseline -0.003 -17"><span class='ocrx_word' id='word_1_92' title='bbox 224 2188 358 2266; x_wconf 85' lang='lat' dir='ltr'><strong>Molle,</strong></span> <span class='ocrx_word' id='word_1_93' title='bbox 381 2208 445 2251; x_wconf 91' lang='lat' dir='ltr'><strong>non</strong></span> <span class='ocrx_word' id='word_1_94' title='bbox 471 2185 606 2250; x_wconf 87' lang='lat' dir='ltr'><strong>arduum</strong></span> <span class='ocrx_word' id='word_1_95' title='bbox 629 2207 688 2249; x_wconf 86' lang='lat' dir='ltr'><strong>nec</strong></span> <span class='ocrx_word' id='word_1_96' title='bbox 712 2190 863 2251; x_wconf 89' lang='lat' dir='ltr'><strong>erectum.</strong></span> <span class='ocrx_word' id='word_1_97' title='bbox 901 2186 1065 2270; x_wconf 84' lang='lat' dir='ltr'><strong>Vergilius</strong></span> <span class='ocrx_word' id='word_1_98' title='bbox 1089 2187 1122 2250; x_wconf 91' lang='lat' dir='ltr'><strong>in</strong></span> <span class='ocrx_word' id='word_1_99' title='bbox 1146 2186 1321 2251; x_wconf 86' lang='lat' dir='ltr'><strong>Bucolicis:</strong></span> 
     </span>
    </p>
   </div>
   <div class='ocr_carea' id='block_1_12' title="bbox 157 2307 1033 2457">
    <p class='ocr_par' dir='ltr' id='par_1_12' title="bbox 157 2307 1033 2457">
     <span class='ocr_line' id='line_1_19' title="bbox 157 2307 947 2376; baseline -0.009 -8"><span class='ocrx_word' id='word_1_100' title='bbox 157 2330 172 2375; x_wconf 71' lang='grc' dir='ltr'><strong>ε,</strong></span> <span class='ocrx_word' id='word_1_101' title='bbox 567 2323 622 2376; x_wconf 88' lang='lat' dir='ltr'><strong>qua</strong></span> <span class='ocrx_word' id='word_1_102' title='bbox 640 2324 669 2361; x_wconf 89' lang='lat' dir='ltr'><strong>se</strong></span> <span class='ocrx_word' id='word_1_103' title='bbox 688 2308 842 2362; x_wconf 89' lang='lat' dir='ltr'><strong>subducere</strong></span> <span class='ocrx_word' id='word_1_104' title='bbox 861 2307 947 2362; x_wconf 88' lang='lat' dir='ltr'><strong>colles</strong></span> 
     </span>
     <span class='ocr_line' id='line_1_20' title="bbox 354 2385 1033 2457; baseline -0.001 -14"><span class='ocrx_word' id='word_1_105' title='bbox 354 2387 495 2457; x_wconf 88' lang='lat' dir='ltr'><strong>incipiunt</strong></span> <span class='ocrx_word' id='word_1_106' title='bbox 512 2386 647 2456; x_wconf 87' lang='lat' dir='ltr'>mollique</span> <span class='ocrx_word' id='word_1_107' title='bbox 666 2387 763 2457; x_wconf 78' lang='lat' dir='ltr'><strong>iugum</strong></span> <span class='ocrx_word' id='word_1_108' title='bbox 783 2385 931 2441; x_wconf 85' lang='lat' dir='ltr'><strong>demittere</strong></span> <span class='ocrx_word' id='word_1_109' title='bbox 952 2387 1033 2442; x_wconf 86' lang='lat' dir='ltr'><strong>clivo.</strong></span> 
     </span>
    </p>
   </div>
   <div class='ocr_carea' id='block_1_13' title="bbox 193 2512 1189 2601">
    <p class='ocr_par' dir='ltr' id='par_1_13' title="bbox 193 2512 1189 2601">
     <span class='ocr_line' id='line_1_21' title="bbox 193 2512 1189 2601; baseline -0.005 -19"><span class='ocrx_word' id='word_1_110' title='bbox 193 2526 200 2571; x_wconf 87' lang='lat'><strong>:·</strong></span> <span class='ocrx_word' id='word_1_111' title='bbox 225 2516 359 2599; x_wconf 82' lang='lat' dir='ltr'><strong>Molle,</strong></span> <span class='ocrx_word' id='word_1_112' title='bbox 383 2514 485 2596; x_wconf 83' lang='lat' dir='ltr'><strong>dulce,</strong></span> <span class='ocrx_word' id='word_1_113' title='bbox 509 2515 690 2581; x_wconf 90' lang='lat' dir='ltr'><strong>iocundum.</strong></span> <span class='ocrx_word' id='word_1_114' title='bbox 728 2512 894 2598; x_wconf 85' lang='lat' dir='ltr'><strong>Vergilius</strong></span> <span class='ocrx_word' id='word_1_115' title='bbox 920 2512 1037 2601; x_wconf 83' lang='lat' dir='ltr'><strong>Georg.</strong></span> <span class='ocrx_word' id='word_1_116' title='bbox 1062 2515 1118 2579; x_wconf 91' lang='lat' dir='ltr'>lib.</span> <span class='ocrx_word' id='word_1_117' title='bbox 1143 2515 1189 2579; x_wconf 92' lang='lat' dir='ltr'><strong>ll:</strong></span> 
     </span>
    </p>
   </div>
   <div class='ocr_carea' id='block_1_14' title="bbox 567 2634 1027 2706">
    <p class='ocr_par' dir='ltr' id='par_1_14' title="bbox 567 2634 1027 2706">
     <span class='ocr_line' id='line_1_22' title="bbox 567 2634 1027 2706; baseline 0.002 -16"><span class='ocrx_word' id='word_1_118' title='bbox 567 2634 721 2706; x_wconf 84' lang='lat' dir='ltr'><strong>mollesque</strong></span> <span class='ocrx_word' id='word_1_119' title='bbox 741 2636 791 2689; x_wconf 87' lang='lat' dir='ltr'><strong>suh</strong></span> <span class='ocrx_word' id='word_1_120' title='bbox 811 2636 910 2690; x_wconf 85' lang='lat' dir='ltr'><strong>arbore</strong></span> <span class='ocrx_word' id='word_1_121' title='bbox 930 2637 1027 2691; x_wconf 88' lang='lat' dir='ltr'><strong>somni.</strong></span> 
     </span>
    </p>
   </div>
   <div class='ocr_carea' id='block_1_15' title="bbox 144 2762 1448 3060">
    <p class='ocr_par' dir='ltr' id='par_1_15' title="bbox 144 2762 1448 3060">
     <span class='ocr_line' id='line_1_23' title="bbox 282 2762 1446 2848; baseline -0.002 -19"><span class='ocrx_word' id='word_1_122' title='bbox 282 2763 327 2829; x_wconf 83' lang='lat' dir='ltr'><strong>M.</strong></span> <span class='ocrx_word' id='word_1_123' title='bbox 360 2762 485 2827; x_wconf 81' lang='lat' dir='ltr'><strong>Tullius</strong></span> <span class='ocrx_word' id='word_1_124' title='bbox 518 2762 557 2827; x_wconf 89' lang='lat' dir='ltr'><strong>de</strong></span> <span class='ocrx_word' id='word_1_125' title='bbox 591 2764 717 2848; x_wconf 81' lang='lat' dir='ltr'><strong>legibus</strong></span> <span class='ocrx_word' id='word_1_126' title='bbox 749 2764 803 2826; x_wconf 90' lang='lat' dir='ltr'>lib.</span> <span class='ocrx_word' id='word_1_127' title='bbox 836 2763 884 2826; x_wconf 90' lang='lat' dir='ltr'><strong>ll:</strong></span> <span class='ocrx_word' id='word_1_128' title='bbox 919 2764 1000 2828; x_wconf 78' lang='lat' dir='ltr'><strong>nihil</strong></span> <span class='ocrx_word' id='word_1_129' title='bbox 1034 2771 1098 2829; x_wconf 80' lang='lat' dir='ltr'><strong>tarn</strong></span> <span class='ocrx_word' id='word_1_130' title='bbox 1127 2766 1221 2846; x_wconf 74' lang='lat' dir='ltr'><strong>focile</strong></span> <span class='ocrx_word' id='word_1_131' title='bbox 1254 2766 1287 2828; x_wconf 93' lang='lat' dir='ltr'><strong>in</strong></span> <span class='ocrx_word' id='word_1_132' title='bbox 1322 2765 1446 2828; x_wconf 82' lang='lat' dir='ltr'><strong>animos</strong></span> 
     </span>
     <span class='ocr_line' id='line_1_24' title="bbox 144 2870 1445 2953; baseline -0.003 -16"><span class='ocrx_word' id='word_1_133' title='bbox 144 2898 174 2946; x_wconf 84' lang='grc' dir='ltr'><strong>ιο</strong></span> <span class='ocrx_word' id='word_1_134' title='bbox 193 2880 323 2937; x_wconf 82' lang='lat' dir='ltr'><strong>teneros</strong></span> <span class='ocrx_word' id='word_1_135' title='bbox 354 2875 449 2953; x_wconf 85' lang='lat' dir='ltr'><strong>atque</strong></span> <span class='ocrx_word' id='word_1_136' title='bbox 478 2871 585 2935; x_wconf 91' lang='lat' dir='ltr'><strong>mollis</strong></span> <span class='ocrx_word' id='word_1_137' title='bbox 615 2870 747 2934; x_wconf 88' lang='lat' dir='ltr'><strong>influere</strong></span> <span class='ocrx_word' id='word_1_138' title='bbox 777 2891 873 2953; x_wconf 87' lang='lat' dir='ltr'><strong>quam</strong></span> <span class='ocrx_word' id='word_1_139' title='bbox 899 2873 1004 2935; x_wconf 84' lang='lat' dir='ltr'><strong>varios</strong></span> <span class='ocrx_word' id='word_1_140' title='bbox 1028 2872 1161 2936; x_wconf 83' lang='lat' dir='ltr'><strong>canendi</strong></span> <span class='ocrx_word' id='word_1_141' title='bbox 1187 2894 1292 2936; x_wconf 88' lang='lat' dir='ltr'><strong>sonos.</strong></span> <span class='ocrx_word' id='word_1_142' title='bbox 1318 2909 1355 2918; x_wconf 91' lang='lat'>—</span> <span class='ocrx_word' id='word_1_143' title='bbox 1387 2874 1445 2951; x_wconf 79' lang='lat' dir='ltr'><strong>let]</strong></span> 
     </span>
     <span class='ocr_line' id='line_1_25' title="bbox 194 2976 1448 3060; baseline -0.002 -16"><span class='ocrx_word' id='word_1_144' title='bbox 194 2982 278 3044; x_wconf 89' lang='lat' dir='ltr'><strong>idem</strong></span> <span class='ocrx_word' id='word_1_145' title='bbox 300 2978 339 3043; x_wconf 89' lang='lat' dir='ltr'><strong>de</strong></span> <span class='ocrx_word' id='word_1_146' title='bbox 360 2982 535 3042; x_wconf 83' lang='lat' dir='ltr'><strong>senectute:</strong></span> <span class='ocrx_word' id='word_1_147' title='bbox 554 2998 616 3041; x_wconf 80' lang='lat' dir='ltr'><strong>non</strong></span> <span class='ocrx_word' id='word_1_148' title='bbox 635 2979 723 3041; x_wconf 74' lang='lat' dir='ltr'><strong>essedo</strong></span> <span class='ocrx_word' id='word_1_149' title='bbox 744 2978 848 3041; x_wconf 89' lang='lat' dir='ltr'><strong>omnis</strong></span> <span class='ocrx_word' id='word_1_150' title='bbox 869 2976 1059 3042; x_wconf 84' lang='lat' dir='ltr'><strong>absterserit</strong></span> <span class='ocrx_word' id='word_1_151' title='bbox 1079 2978 1256 3042; x_wconf 88' lang='lat' dir='ltr'><strong>senectutis</strong></span> <span class='ocrx_word' id='word_1_152' title='bbox 1272 2979 1448 3060; x_wconf 81' lang='lat' dir='ltr'><strong>molestius,</strong></span> 
     </span>
    </p>
   </div>
   <div class='ocr_carea' id='block_1_16' title="bbox 198 3240 1428 3391">
    <p class='ocr_par' dir='ltr' id='par_1_16' title="bbox 198 3240 1428 3391">
     <span class='ocr_line' id='line_1_26' title="bbox 284 3240 1428 3310; baseline -0.002 -13"><span class='ocrx_word' id='word_1_153' title='bbox 284 3249 318 3298; x_wconf 76' lang='lat' dir='ltr'><strong>er</strong></span> <span class='ocrx_word' id='word_1_154' title='bbox 339 3242 407 3295; x_wconf 81' lang='lat' dir='ltr'><strong>Aen.</strong></span> <span class='ocrx_word' id='word_1_155' title='bbox 427 3240 499 3307; x_wconf 79' lang='lat' dir='ltr'><strong>vlu,</strong></span> <span class='ocrx_word' id='word_1_156' title='bbox 518 3247 570 3295; x_wconf 76' lang='lat'><strong>415</strong></span> <span class='ocrx_word' id='word_1_157' title='bbox 584 3243 594 3309; x_wconf 80' lang='grc' dir='ltr'>ι</span> <span class='ocrx_word' id='word_1_158' title='bbox 608 3248 641 3295; x_wconf 82' lang='lat' dir='ltr'><strong>ss</strong></span> <span class='ocrx_word' id='word_1_159' title='bbox 661 3241 695 3304; x_wconf 85' lang='lat'><strong>11,</strong></span> <span class='ocrx_word' id='word_1_160' title='bbox 717 3247 767 3294; x_wconf 81' lang='lat'><strong>120</strong></span> <span class='ocrx_word' id='word_1_161' title='bbox 782 3244 790 3310; x_wconf 82' lang='grc' dir='ltr'>ι</span> <span class='ocrx_word' id='word_1_162' title='bbox 805 3248 835 3295; x_wconf 87' lang='lat'><strong>31</strong></span> <span class='ocrx_word' id='word_1_163' title='bbox 859 3243 878 3308; x_wconf 83' lang='lat'><strong>1,</strong></span> <span class='ocrx_word' id='word_1_164' title='bbox 898 3246 932 3295; x_wconf 85' lang='lat' dir='ltr'><strong>so</strong></span> <span class='ocrx_word' id='word_1_165' title='bbox 946 3246 955 3307; x_wconf 87' lang='grc' dir='ltr'><strong>ιι</strong></span> <span class='ocrx_word' id='word_1_166' title='bbox 969 3248 1003 3295; x_wconf 75' lang='lat' dir='ltr'><strong>ar</strong></span> <span class='ocrx_word' id='word_1_167' title='bbox 1025 3243 1070 3307; x_wconf 82' lang='lat' dir='ltr'><strong>lv,</strong></span> <span class='ocrx_word' id='word_1_168' title='bbox 1089 3244 1294 3309; x_wconf 68' lang='lat' dir='ltr'><strong>crannonem</strong></span> <span class='ocrx_word' id='word_1_169' title='bbox 1312 3241 1356 3307; x_wconf 77' lang='lat' dir='ltr'><strong>w,</strong></span> <span class='ocrx_word' id='word_1_170' title='bbox 1379 3248 1428 3295; x_wconf 79' lang='lat' dir='ltr'><strong>ess</strong></span> 
     </span>
     <span class='ocr_line' id='line_1_27' title="bbox 198 3321 1185 3391; baseline -0.005 -11"><span class='ocrx_word' id='word_1_171' title='bbox 198 3325 279 3389; x_wconf 84' lang='lat'><em>1111,</em></span> <span class='ocrx_word' id='word_1_172' title='bbox 298 3323 386 3391; x_wconf 71' lang='lat' dir='ltr'><strong>crus</strong></span> <span class='ocrx_word' id='word_1_173' title='bbox 406 3327 431 3389; x_wconf 80' lang='lat' dir='ltr'><strong>a,</strong></span> <span class='ocrx_word' id='word_1_174' title='bbox 451 3326 520 3390; x_wconf 74' lang='lat' dir='ltr'><strong>oui</strong></span> <span class='ocrx_word' id='word_1_175' title='bbox 542 3321 587 3388; x_wconf 84' lang='lat' dir='ltr'><strong>lx,</strong></span> <span class='ocrx_word' id='word_1_176' title='bbox 608 3325 676 3391; x_wconf 70' lang='lat' dir='ltr'><strong>rus</strong></span> <span class='ocrx_word' id='word_1_177' title='bbox 699 3321 730 3381; x_wconf 83' lang='lat'><strong>11.</strong></span> <span class='ocrx_word' id='word_1_178' title='bbox 750 3325 854 3391; x_wconf 68' lang='lat' dir='ltr'><strong>aruns</strong></span> <span class='ocrx_word' id='word_1_179' title='bbox 876 3322 908 3388; x_wconf 85' lang='lat'><strong>11,</strong></span> <span class='ocrx_word' id='word_1_180' title='bbox 930 3328 970 3388; x_wconf 70' lang='grc' dir='ltr'><strong>ιε»,</strong></span> <span class='ocrx_word' id='word_1_181' title='bbox 991 3327 1094 3391; x_wconf 63' lang='lat' dir='ltr'><strong>esen</strong></span> <span class='ocrx_word' id='word_1_182' title='bbox 1119 3334 1140 3389; x_wconf 81' lang='grc' dir='ltr'><strong>ι,</strong></span> <span class='ocrx_word' id='word_1_183' title='bbox 1161 3328 1185 3376; x_wconf 86' lang='lat' dir='ltr'><strong>a.</strong></span> 
     </span>
    </p>
   </div>
   <div class='ocr_carea' id='block_1_17' title="bbox 195 3571 1452 4917">
    <p class='ocr_par' dir='ltr' id='par_1_17' title="bbox 195 3571 1452 4917">
     <span class='ocr_line' id='line_1_28' title="bbox 284 3571 1450 3641; baseline -0.003 -12"><span class='ocrx_word' id='word_1_184' title='bbox 284 3573 323 3629; x_wconf 80' lang='lat'><strong>28</strong></span> <span class='ocrx_word' id='word_1_185' title='bbox 338 3572 381 3627; x_wconf 84' lang='lat' dir='ltr'><strong>est</strong></span> <span class='ocrx_word' id='word_1_186' title='bbox 394 3572 462 3626; x_wconf 87' lang='lat' dir='ltr'><strong>ratis</strong></span> <span class='ocrx_word' id='word_1_187' title='bbox 477 3572 517 3635; x_wconf 88' lang='lat' dir='ltr'><strong>L;</strong></span> <span class='ocrx_word' id='word_1_188' title='bbox 533 3573 571 3626; x_wconf 80' lang='lat' dir='ltr'><strong>id.</strong></span> <span class='ocrx_word' id='word_1_189' title='bbox 587 3587 663 3624; x_wconf 84' lang='lat' dir='ltr'><strong>error</strong></span> <span class='ocrx_word' id='word_1_190' title='bbox 677 3574 743 3636; x_wconf 68' lang='lat'><strong>254,</strong></span> <span class='ocrx_word' id='word_1_191' title='bbox 757 3574 803 3624; x_wconf 79' lang='grc'><strong>28.</strong></span> <span class='ocrx_word' id='word_1_192' title='bbox 819 3601 851 3608; x_wconf 89' lang='grc'><strong>-</strong></span> <span class='ocrx_word' id='word_1_193' title='bbox 866 3572 904 3625; x_wconf 83' lang='grc'><strong>30</strong></span> <span class='ocrx_word' id='word_1_194' title='bbox 918 3571 1086 3641; x_wconf 81' lang='lat' dir='ltr'><strong>Aethiopum</strong></span> <span class='ocrx_word' id='word_1_195' title='bbox 1101 3573 1140 3625; x_wconf 83' lang='lat' dir='ltr'><strong>ed.</strong></span> <span class='ocrx_word' id='word_1_196' title='bbox 1156 3572 1239 3640; x_wconf 72' lang='lat' dir='ltr'><strong>Boe;</strong></span> <span class='ocrx_word' id='word_1_197' title='bbox 1253 3572 1399 3641; x_wconf 78' lang='lat' dir='ltr'><strong>ethiopum</strong></span> <span class='ocrx_word' id='word_1_198' title='bbox 1414 3574 1450 3641; x_wconf 85' lang='lat' dir='ltr'><strong>B,</strong></span> 
     </span>
     <span class='ocr_line' id='line_1_29' title="bbox 195 3650 1449 3722; baseline -0.002 -12"><span class='ocrx_word' id='word_1_199' title='bbox 195 3658 269 3722; x_wconf 80' lang='lat' dir='ltr'><strong>Gen,</strong></span> <span class='ocrx_word' id='word_1_200' title='bbox 293 3654 336 3721; x_wconf 76' lang='lat' dir='ltr'><strong>L,</strong></span> <span class='ocrx_word' id='word_1_201' title='bbox 360 3653 397 3706; x_wconf 87' lang='lat' dir='ltr'><strong>H.</strong></span> <span class='ocrx_word' id='word_1_202' title='bbox 419 3684 449 3692; x_wconf 93' lang='lat'><em>-</em></span> <span class='ocrx_word' id='word_1_203' title='bbox 470 3651 505 3705; x_wconf 78' lang='lat'><strong>81</strong></span> <span class='ocrx_word' id='word_1_204' title='bbox 531 3650 628 3719; x_wconf 83' lang='lat' dir='ltr'><strong>Verg.;</strong></span> <span class='ocrx_word' id='word_1_205' title='bbox 652 3651 687 3716; x_wconf 81' lang='lat' dir='ltr'><strong>cf.</strong></span> <span class='ocrx_word' id='word_1_206' title='bbox 713 3652 803 3704; x_wconf 72' lang='lat'><strong><em>3431.</em></strong></span> <span class='ocrx_word' id='word_1_207' title='bbox 832 3651 906 3703; x_wconf 86' lang='lat' dir='ltr'><strong>mitis</strong></span> <span class='ocrx_word' id='word_1_208' title='bbox 931 3653 974 3704; x_wconf 89' lang='lat' dir='ltr'><strong>est</strong></span> <span class='ocrx_word' id='word_1_209' title='bbox 996 3651 1097 3705; x_wconf 90' lang='lat' dir='ltr'><strong>mollis.</strong></span> <span class='ocrx_word' id='word_1_210' title='bbox 1118 3683 1149 3690; x_wconf 90' lang='lat'>-</span> <span class='ocrx_word' id='word_1_211' title='bbox 1171 3653 1199 3705; x_wconf 90' lang='lat' dir='ltr'><strong>in</strong></span> <span class='ocrx_word' id='word_1_212' title='bbox 1226 3653 1321 3720; x_wconf 84' lang='lat' dir='ltr'><strong>bucol,</strong></span> <span class='ocrx_word' id='word_1_213' title='bbox 1350 3655 1449 3708; x_wconf 77' lang='lat' dir='ltr'><strong>lr&#39;eeola</strong></span> 
     </span>
     <span class='ocr_line' id='line_1_30' title="bbox 195 3730 1450 3805; baseline -0.003 -14"><span class='ocrx_word' id='word_1_214' title='bbox 195 3738 280 3791; x_wconf 77' lang='lat' dir='ltr'><strong>ductu</strong></span> <span class='ocrx_word' id='word_1_215' title='bbox 295 3751 347 3802; x_wconf 78' lang='lat' dir='ltr'><strong>per</strong></span> <span class='ocrx_word' id='word_1_216' title='bbox 366 3732 375 3785; x_wconf 99' lang='lat' dir='ltr'>l</span> <span class='ocrx_word' id='word_1_217' title='bbox 394 3733 435 3800; x_wconf 77' lang='lat' dir='ltr'><strong>L;</strong></span> <span class='ocrx_word' id='word_1_218' title='bbox 453 3732 536 3786; x_wconf 91' lang='lat' dir='ltr'><strong>bucol</strong></span> <span class='ocrx_word' id='word_1_219' title='bbox 557 3731 624 3786; x_wconf 81' lang='lat' dir='ltr'><strong>Gen.</strong></span> <span class='ocrx_word' id='word_1_220' title='bbox 646 3762 678 3769; x_wconf 93' lang='lat'>—</span> <span class='ocrx_word' id='word_1_221' title='bbox 698 3730 735 3783; x_wconf 76' lang='lat'><strong>33</strong></span> <span class='ocrx_word' id='word_1_222' title='bbox 754 3733 848 3798; x_wconf 78' lang='lat' dir='ltr'><strong>coest,</strong></span> <span class='ocrx_word' id='word_1_223' title='bbox 868 3737 925 3784; x_wconf 80' lang='lat' dir='ltr'><strong>tum</strong></span> <span class='ocrx_word' id='word_1_224' title='bbox 945 3735 1011 3786; x_wconf 85' lang='lat' dir='ltr'><strong>cest.</strong></span> <span class='ocrx_word' id='word_1_225' title='bbox 1035 3732 1100 3786; x_wconf 72' lang='lat' dir='ltr'><strong>Geir.</strong></span> <span class='ocrx_word' id='word_1_226' title='bbox 1118 3763 1150 3771; x_wconf 94' lang='lat'><em>-</em></span> <span class='ocrx_word' id='word_1_227' title='bbox 1166 3735 1331 3801; x_wconf 81' lang='lat' dir='ltr'><strong>oportunum</strong></span> <span class='ocrx_word' id='word_1_228' title='bbox 1349 3734 1395 3805; x_wconf 65' lang='lat' dir='ltr'><strong>L„</strong></span> <span class='ocrx_word' id='word_1_229' title='bbox 1410 3732 1450 3802; x_wconf 78' lang='lat' dir='ltr'><strong>ll,</strong></span> 
     </span>
     <span class='ocr_line' id='line_1_31' title="bbox 196 3811 1450 3882; baseline -0.002 -12"><span class='ocrx_word' id='word_1_230' title='bbox 196 3818 263 3878; x_wconf 64' lang='lat' dir='ltr'><strong>(em,</strong></span> <span class='ocrx_word' id='word_1_231' title='bbox 286 3818 323 3882; x_wconf 78' lang='lat' dir='ltr'><strong>A,</strong></span> <span class='ocrx_word' id='word_1_232' title='bbox 341 3813 377 3868; x_wconf 90' lang='lat' dir='ltr'><strong>B.</strong></span> <span class='ocrx_word' id='word_1_233' title='bbox 398 3845 430 3854; x_wconf 94' lang='lat'>-</span> <span class='ocrx_word' id='word_1_234' title='bbox 449 3811 487 3866; x_wconf 74' lang='lat'><strong>85</strong></span> <span class='ocrx_word' id='word_1_235' title='bbox 506 3813 565 3866; x_wconf 82' lang='lat' dir='ltr'><strong>vire</strong></span> <span class='ocrx_word' id='word_1_236' title='bbox 582 3829 625 3879; x_wconf 82' lang='lat' dir='ltr'><strong>pr.</strong></span> <span class='ocrx_word' id='word_1_237' title='bbox 646 3811 681 3866; x_wconf 89' lang='lat' dir='ltr'><strong>L.</strong></span> <span class='ocrx_word' id='word_1_238' title='bbox 700 3843 734 3851; x_wconf 90' lang='lat'>-</span> <span class='ocrx_word' id='word_1_239' title='bbox 754 3813 841 3866; x_wconf 89' lang='lat' dir='ltr'><strong>moles</strong></span> <span class='ocrx_word' id='word_1_240' title='bbox 861 3812 886 3864; x_wconf 85' lang='lat' dir='ltr'><em>L</em></span> <span class='ocrx_word' id='word_1_241' title='bbox 904 3829 937 3865; x_wconf 74' lang='lat' dir='ltr'><strong>etc</strong></span> <span class='ocrx_word' id='word_1_242' title='bbox 955 3829 1024 3866; x_wconf 80' lang='lat' dir='ltr'><strong>corr.</strong></span> <span class='ocrx_word' id='word_1_243' title='bbox 1040 3844 1073 3851; x_wconf 98' lang='lat'><em>-</em></span> <span class='ocrx_word' id='word_1_244' title='bbox 1093 3813 1229 3867; x_wconf 82' lang='lat' dir='ltr'><strong>adductus</strong></span> <span class='ocrx_word' id='word_1_245' title='bbox 1244 3831 1289 3882; x_wconf 77' lang='lat' dir='ltr'><strong>pr.</strong></span> <span class='ocrx_word' id='word_1_246' title='bbox 1309 3814 1343 3870; x_wconf 91' lang='lat' dir='ltr'><strong>L.</strong></span> <span class='ocrx_word' id='word_1_247' title='bbox 1364 3846 1395 3853; x_wconf 91' lang='lat'><em>-</em></span> <span class='ocrx_word' id='word_1_248' title='bbox 1412 3814 1450 3868; x_wconf 79' lang='lat'><strong>36</strong></span> 
     </span>
     <span class='ocr_line' id='line_1_32' title="bbox 197 3890 1448 3962; baseline -0.002 -13"><span class='ocrx_word' id='word_1_249' title='bbox 197 3899 264 3951; x_wconf 88' lang='lat' dir='ltr'><strong>item</strong></span> <span class='ocrx_word' id='word_1_250' title='bbox 283 3893 334 3962; x_wconf 82' lang='lat' dir='ltr'><strong>M,·</strong></span> <span class='ocrx_word' id='word_1_251' title='bbox 356 3894 431 3947; x_wconf 90' lang='lat' dir='ltr'><strong>idem</strong></span> <span class='ocrx_word' id='word_1_252' title='bbox 453 3910 477 3947; x_wconf 87' lang='lat' dir='ltr'><strong>o.</strong></span> <span class='ocrx_word' id='word_1_253' title='bbox 498 3922 531 3930; x_wconf 97' lang='lat'>—</span> <span class='ocrx_word' id='word_1_254' title='bbox 551 3891 585 3945; x_wconf 75' lang='lat' dir='ltr'><strong>et</strong></span> <span class='ocrx_word' id='word_1_255' title='bbox 611 3890 710 3946; x_wconf 83' lang='lat' dir='ltr'><strong>mollio</strong></span> <span class='ocrx_word' id='word_1_256' title='bbox 731 3890 801 3944; x_wconf 86' lang='lat' dir='ltr'><strong>simu</strong></span> <span class='ocrx_word' id='word_1_257' title='bbox 819 3892 862 3955; x_wconf 90' lang='lat' dir='ltr'><strong>B;</strong></span> <span class='ocrx_word' id='word_1_258' title='bbox 887 3891 1041 3944; x_wconf 86' lang='lat' dir='ltr'><strong>molissimu</strong></span> <span class='ocrx_word' id='word_1_259' title='bbox 1060 3893 1140 3962; x_wconf 56' lang='lat' dir='ltr'><strong>Gen„</strong></span> <span class='ocrx_word' id='word_1_260' title='bbox 1161 3923 1192 3931; x_wconf 90' lang='lat'>—</span> <span class='ocrx_word' id='word_1_261' title='bbox 1215 3893 1230 3946; x_wconf 94' lang='lat' dir='ltr'><strong>l</strong></span> <span class='ocrx_word' id='word_1_262' title='bbox 1251 3896 1448 3962; x_wconf 84' lang='lat' dir='ltr'><strong>contempnen-</strong></span> 
     </span>
     <span class='ocr_line' id='line_1_33' title="bbox 197 3971 1449 4043; baseline -0.004 -12"><span class='ocrx_word' id='word_1_263' title='bbox 197 3979 262 4031; x_wconf 85' lang='lat' dir='ltr'><strong>dum</strong></span> <span class='ocrx_word' id='word_1_264' title='bbox 289 3974 380 4043; x_wconf 77' lang='lat' dir='ltr'><strong>Gen,;</strong></span> <span class='ocrx_word' id='word_1_265' title='bbox 406 3973 434 4027; x_wconf 92' lang='lat' dir='ltr'><em>B</em></span> <span class='ocrx_word' id='word_1_266' title='bbox 460 3974 515 4041; x_wconf 67' lang='lat' dir='ltr'><strong>(liic</strong></span> <span class='ocrx_word' id='word_1_267' title='bbox 540 3989 586 4040; x_wconf 80' lang='lat' dir='ltr'><strong>pr.</strong></span> <span class='ocrx_word' id='word_1_268' title='bbox 614 3973 667 4025; x_wconf 79' lang='lat' dir='ltr'><strong>cic:</strong></span> <span class='ocrx_word' id='word_1_269' title='bbox 696 3974 850 4039; x_wconf 86' lang='lat' dir='ltr'><strong>contemn);</strong></span> <span class='ocrx_word' id='word_1_270' title='bbox 878 3973 917 4025; x_wconf 85' lang='lat' dir='ltr'><strong>ed.</strong></span> <span class='ocrx_word' id='word_1_271' title='bbox 944 3972 1010 4025; x_wconf 76' lang='lat' dir='ltr'><strong>Boe.</strong></span> <span class='ocrx_word' id='word_1_272' title='bbox 1037 4002 1067 4009; x_wconf 93' lang='lat'><em>-</em></span> <span class='ocrx_word' id='word_1_273' title='bbox 1094 3971 1111 4024; x_wconf 75' lang='lat'>2</span> <span class='ocrx_word' id='word_1_274' title='bbox 1137 3976 1167 4025; x_wconf 88' lang='lat' dir='ltr'><strong>tu</strong></span> <span class='ocrx_word' id='word_1_275' title='bbox 1191 3974 1225 4025; x_wconf 88' lang='lat' dir='ltr'><strong>B.</strong></span> <span class='ocrx_word' id='word_1_276' title='bbox 1253 4005 1281 4010; x_wconf 96' lang='lat'>—</span> <span class='ocrx_word' id='word_1_277' title='bbox 1308 3976 1449 4027; x_wconf 88' lang='lat' dir='ltr'><strong>moetenas</strong></span> 
     </span>
     <span class='ocr_line' id='line_1_34' title="bbox 198 4050 1448 4125; baseline -0.004 -13"><span class='ocrx_word' id='word_1_278' title='bbox 198 4059 268 4123; x_wconf 80' lang='lat' dir='ltr'><strong>Gen,</strong></span> <span class='ocrx_word' id='word_1_279' title='bbox 287 4055 348 4125; x_wconf 53' lang='grc' dir='ltr'><strong>ΗΜ·</strong></span> <span class='ocrx_word' id='word_1_280' title='bbox 367 4069 494 4107; x_wconf 89' lang='lat' dir='ltr'><strong>mecenas</strong></span> <span class='ocrx_word' id='word_1_281' title='bbox 514 4051 551 4117; x_wconf 90' lang='lat' dir='ltr'><strong>B,</strong></span> <span class='ocrx_word' id='word_1_282' title='bbox 570 4052 605 4118; x_wconf 78' lang='lat' dir='ltr'><strong>L,</strong></span> <span class='ocrx_word' id='word_1_283' title='bbox 624 4052 683 4120; x_wconf 48' lang='grc' dir='ltr'><strong>Ηιι</strong></span> <span class='ocrx_word' id='word_1_284' title='bbox 701 4051 849 4105; x_wconf 85' lang='lat' dir='ltr'><strong>Maecenas</strong></span> <span class='ocrx_word' id='word_1_285' title='bbox 869 4053 907 4105; x_wconf 72' lang='grc' dir='ltr'><strong>αἱ.</strong></span> <span class='ocrx_word' id='word_1_286' title='bbox 928 4052 993 4104; x_wconf 81' lang='lat' dir='ltr'><strong>Bos.</strong></span> <span class='ocrx_word' id='word_1_287' title='bbox 1018 4054 1111 4103; x_wconf 86' lang='lat' dir='ltr'><strong>-out</strong></span> <span class='ocrx_word' id='word_1_288' title='bbox 1131 4050 1160 4117; x_wconf 80' lang='lat' dir='ltr'><strong>(l,</strong></span> <span class='ocrx_word' id='word_1_289' title='bbox 1181 4052 1255 4119; x_wconf 59' lang='lat' dir='ltr'><strong>Germ</strong></span> <span class='ocrx_word' id='word_1_290' title='bbox 1275 4052 1349 4105; x_wconf 82' lang='lat' dir='ltr'><strong>haud</strong></span> <span class='ocrx_word' id='word_1_291' title='bbox 1364 4054 1400 4108; x_wconf 91' lang='lat' dir='ltr'><strong>B.</strong></span> <span class='ocrx_word' id='word_1_292' title='bbox 1416 4083 1448 4092; x_wconf 92' lang='lat'><em>-</em></span> 
     </span>
     <span class='ocr_line' id='line_1_35' title="bbox 196 4130 1450 4201; baseline -0.004 -9"><span class='ocrx_word' id='word_1_293' title='bbox 196 4136 378 4191; x_wconf 71' lang='lat' dir='ltr'><strong>ereremum</strong></span> <span class='ocrx_word' id='word_1_294' title='bbox 402 4133 437 4187; x_wconf 91' lang='lat' dir='ltr'><strong>B.</strong></span> <span class='ocrx_word' id='word_1_295' title='bbox 459 4163 490 4173; x_wconf 92' lang='lat'><em>-</em></span> <span class='ocrx_word' id='word_1_296' title='bbox 512 4131 624 4186; x_wconf 81' lang='lat' dir='ltr'><strong>molitor</strong></span> <span class='ocrx_word' id='word_1_297' title='bbox 650 4130 939 4201; x_wconf 65' lang='lat' dir='ltr'><strong>Gen1.-4Verg.;</strong></span> <span class='ocrx_word' id='word_1_298' title='bbox 963 4131 996 4196; x_wconf 74' lang='lat' dir='ltr'><strong>cs.</strong></span> <span class='ocrx_word' id='word_1_299' title='bbox 1018 4133 1108 4185; x_wconf 82' lang='lat'><strong><em>3991.</em></strong></span> <span class='ocrx_word' id='word_1_300' title='bbox 1130 4132 1283 4184; x_wconf 87' lang='lat' dir='ltr'><strong>subducere</strong></span> <span class='ocrx_word' id='word_1_301' title='bbox 1304 4165 1336 4172; x_wconf 92' lang='lat'>—</span> <span class='ocrx_word' id='word_1_302' title='bbox 1357 4151 1450 4187; x_wconf 86' lang='lat' dir='ltr'><strong>susum</strong></span> 
     </span>
     <span class='ocr_line' id='line_1_36' title="bbox 197 4211 1451 4283; baseline -0.002 -12"><span class='ocrx_word' id='word_1_303' title='bbox 197 4219 308 4272; x_wconf 88' lang='lat' dir='ltr'><strong>ducere.</strong></span> <span class='ocrx_word' id='word_1_304' title='bbox 329 4246 361 4255; x_wconf 92' lang='lat'>-</span> <span class='ocrx_word' id='word_1_305' title='bbox 381 4214 400 4268; x_wconf 77' lang='lat'><strong>5</strong></span> <span class='ocrx_word' id='word_1_306' title='bbox 423 4230 496 4283; x_wconf 90' lang='lat' dir='ltr'><strong>qnae</strong></span> <span class='ocrx_word' id='word_1_307' title='bbox 519 4230 548 4266; x_wconf 88' lang='lat' dir='ltr'><strong>se</strong></span> <span class='ocrx_word' id='word_1_308' title='bbox 567 4229 614 4280; x_wconf 79' lang='lat' dir='ltr'><strong>pr.</strong></span> <span class='ocrx_word' id='word_1_309' title='bbox 639 4212 676 4266; x_wconf 88' lang='lat' dir='ltr'><strong>H.</strong></span> <span class='ocrx_word' id='word_1_310' title='bbox 698 4242 730 4251; x_wconf 89' lang='lat'>—</span> <span class='ocrx_word' id='word_1_311' title='bbox 750 4213 768 4264; x_wconf 82' lang='grc'><strong>6</strong></span> <span class='ocrx_word' id='word_1_312' title='bbox 791 4212 883 4264; x_wconf 87' lang='lat' dir='ltr'><strong>inenm</strong></span> <span class='ocrx_word' id='word_1_313' title='bbox 904 4229 950 4280; x_wconf 81' lang='lat' dir='ltr'><strong>pr.</strong></span> <span class='ocrx_word' id='word_1_314' title='bbox 975 4211 1008 4264; x_wconf 84' lang='lat' dir='ltr'><strong>L.</strong></span> <span class='ocrx_word' id='word_1_315' title='bbox 1029 4241 1062 4250; x_wconf 92' lang='lat'><em>-</em></span> <span class='ocrx_word' id='word_1_316' title='bbox 1087 4211 1234 4265; x_wconf 87' lang='lat' dir='ltr'><strong>demittere</strong></span> <span class='ocrx_word' id='word_1_317' title='bbox 1259 4211 1346 4282; x_wconf 56' lang='lat' dir='ltr'><strong>Geu1;</strong></span> <span class='ocrx_word' id='word_1_318' title='bbox 1369 4215 1394 4266; x_wconf 84' lang='lat' dir='ltr'><em>L</em></span> <span class='ocrx_word' id='word_1_319' title='bbox 1417 4231 1451 4268; x_wconf 79' lang='lat' dir='ltr'><strong>cc</strong></span> 
     </span>
     <span class='ocr_line' id='line_1_37' title="bbox 198 4290 1450 4367; baseline -0.004 -15"><span class='ocrx_word' id='word_1_320' title='bbox 198 4315 284 4367; x_wconf 87' lang='lat' dir='ltr'><strong>corr.;</strong></span> <span class='ocrx_word' id='word_1_321' title='bbox 308 4296 353 4360; x_wconf 89' lang='lat' dir='ltr'><strong>H;</strong></span> <span class='ocrx_word' id='word_1_322' title='bbox 377 4293 520 4349; x_wconf 90' lang='lat' dir='ltr'><strong>dimittere</strong></span> <span class='ocrx_word' id='word_1_323' title='bbox 543 4294 600 4347; x_wconf 81' lang='lat' dir='ltr'><strong>rell.</strong></span> <span class='ocrx_word' id='word_1_324' title='bbox 625 4309 686 4345; x_wconf 83' lang='lat' dir='ltr'><strong>cum</strong></span> <span class='ocrx_word' id='word_1_325' title='bbox 710 4293 744 4345; x_wconf 91' lang='grc' dir='ltr'><strong>Β.</strong></span> <span class='ocrx_word' id='word_1_326' title='bbox 764 4322 799 4331; x_wconf 94' lang='grc'>-</span> <span class='ocrx_word' id='word_1_327' title='bbox 820 4292 834 4344; x_wconf 75' lang='grc'>7</span> <span class='ocrx_word' id='word_1_328' title='bbox 859 4293 1008 4345; x_wconf 89' lang='lat' dir='ltr'><strong>iocundum</strong></span> <span class='ocrx_word' id='word_1_329' title='bbox 1033 4292 1075 4351; x_wconf 85' lang='grc' dir='ltr'><strong>Λ,·</strong></span> <span class='ocrx_word' id='word_1_330' title='bbox 1100 4308 1144 4358; x_wconf 76' lang='lat' dir='ltr'><strong>pr.</strong></span> <span class='ocrx_word' id='word_1_331' title='bbox 1165 4291 1205 4358; x_wconf 88' lang='lat' dir='ltr'><strong>L;</strong></span> <span class='ocrx_word' id='word_1_332' title='bbox 1223 4290 1372 4345; x_wconf 86' lang='lat' dir='ltr'><strong>iucundum</strong></span> <span class='ocrx_word' id='word_1_333' title='bbox 1393 4294 1450 4347; x_wconf 82' lang='lat' dir='ltr'><strong>rell.</strong></span> 
     </span>
     <span class='ocr_line' id='line_1_38' title="bbox 198 4370 1451 4443; baseline -0.006 -10"><span class='ocrx_word' id='word_1_334' title='bbox 198 4395 259 4434; x_wconf 75' lang='lat' dir='ltr'><strong>euni</strong></span> <span class='ocrx_word' id='word_1_335' title='bbox 277 4376 314 4430; x_wconf 89' lang='grc' dir='ltr'><strong>Β.</strong></span> <span class='ocrx_word' id='word_1_336' title='bbox 334 4405 368 4416; x_wconf 92' lang='lat'>-</span> <span class='ocrx_word' id='word_1_337' title='bbox 387 4375 406 4429; x_wconf 84' lang='lat' dir='ltr'><strong>o</strong></span> <span class='ocrx_word' id='word_1_338' title='bbox 424 4376 490 4429; x_wconf 78' lang='lat' dir='ltr'><strong>libri</strong></span> <span class='ocrx_word' id='word_1_339' title='bbox 507 4375 540 4428; x_wconf 84' lang='lat' dir='ltr'><strong>de</strong></span> <span class='ocrx_word' id='word_1_340' title='bbox 559 4374 661 4443; x_wconf 67' lang='lat' dir='ltr'><strong>leuibus</strong></span> <span class='ocrx_word' id='word_1_341' title='bbox 680 4374 735 4440; x_wconf 79' lang='lat' dir='ltr'><strong>hie,</strong></span> <span class='ocrx_word' id='word_1_342' title='bbox 756 4390 810 4427; x_wconf 69' lang='lat' dir='ltr'><strong>stou</strong></span> <span class='ocrx_word' id='word_1_343' title='bbox 829 4374 949 4440; x_wconf 75' lang='lat' dir='ltr'><strong>saepius,</strong></span> <span class='ocrx_word' id='word_1_344' title='bbox 969 4390 986 4424; x_wconf 87' lang='lat' dir='ltr'><strong>a</strong></span> <span class='ocrx_word' id='word_1_345' title='bbox 1006 4370 1079 4425; x_wconf 81' lang='lat' dir='ltr'><strong>Non.</strong></span> <span class='ocrx_word' id='word_1_346' title='bbox 1099 4377 1284 4425; x_wconf 74' lang='lat' dir='ltr'><strong>niernorantur</strong></span> <span class='ocrx_word' id='word_1_347' title='bbox 1302 4378 1326 4425; x_wconf 78' lang='lat' dir='ltr'><strong>ct</strong></span> <span class='ocrx_word' id='word_1_348' title='bbox 1344 4374 1451 4441; x_wconf 79' lang='lat' dir='ltr'><strong>quidem</strong></span> 
     </span>
     <span class='ocr_line' id='line_1_39' title="bbox 198 4451 1450 4527; baseline -0.005 -17"><span class='ocrx_word' id='word_1_349' title='bbox 198 4459 297 4512; x_wconf 77' lang='lat' dir='ltr'><strong>inlice</strong></span> <span class='ocrx_word' id='word_1_350' title='bbox 316 4458 413 4527; x_wconf 80' lang='lat' dir='ltr'><strong>capite.</strong></span> <span class='ocrx_word' id='word_1_351' title='bbox 429 4486 460 4495; x_wconf 90' lang='lat'>-</span> <span class='ocrx_word' id='word_1_352' title='bbox 476 4451 548 4507; x_wconf 90' lang='lat' dir='ltr'><strong>nihil</strong></span> <span class='ocrx_word' id='word_1_353' title='bbox 568 4457 625 4507; x_wconf 88' lang='lat' dir='ltr'><strong>tam</strong></span> <span class='ocrx_word' id='word_1_354' title='bbox 645 4451 730 4505; x_wconf 89' lang='lat' dir='ltr'><strong>facile</strong></span> <span class='ocrx_word' id='word_1_355' title='bbox 749 4470 782 4506; x_wconf 75' lang='lat' dir='ltr'><strong>eu:</strong></span> <span class='ocrx_word' id='word_1_356' title='bbox 802 4452 857 4508; x_wconf 83' lang='lat' dir='ltr'><strong>Cic.</strong></span> <span class='ocrx_word' id='word_1_357' title='bbox 877 4453 941 4506; x_wconf 74' lang='lat' dir='ltr'><strong>cdd</strong></span> <span class='ocrx_word' id='word_1_358' title='bbox 963 4452 1150 4521; x_wconf 76' lang='lat' dir='ltr'><strong>Quiclierotue.</strong></span> <span class='ocrx_word' id='word_1_359' title='bbox 1165 4482 1197 4490; x_wconf 92' lang='lat'>-</span> <span class='ocrx_word' id='word_1_360' title='bbox 1214 4451 1252 4504; x_wconf 82' lang='lat' dir='ltr'><strong>lo</strong></span> <span class='ocrx_word' id='word_1_361' title='bbox 1271 4455 1394 4506; x_wconf 84' lang='lat' dir='ltr'><strong>terrenus</strong></span> <span class='ocrx_word' id='word_1_362' title='bbox 1414 4455 1450 4519; x_wconf 82' lang='lat' dir='ltr'><strong>J,</strong></span> 
     </span>
     <span class='ocr_line' id='line_1_40' title="bbox 202 4532 1451 4604; baseline -0.001 -14"><span class='ocrx_word' id='word_1_363' title='bbox 202 4538 277 4604; x_wconf 58' lang='lat' dir='ltr'><strong>Gen</strong></span> <span class='ocrx_word' id='word_1_364' title='bbox 303 4540 434 4590; x_wconf 86' lang='lat' dir='ltr'><strong>tenrenos</strong></span> <span class='ocrx_word' id='word_1_365' title='bbox 462 4534 513 4604; x_wconf 62' lang='lat' dir='ltr'><strong>H„</strong></span> <span class='ocrx_word' id='word_1_366' title='bbox 539 4563 572 4573; x_wconf 89' lang='lat'><em>-</em></span> <span class='ocrx_word' id='word_1_367' title='bbox 596 4532 744 4586; x_wconf 87' lang='lat' dir='ltr'><strong>incanendi</strong></span> <span class='ocrx_word' id='word_1_368' title='bbox 768 4534 810 4599; x_wconf 87' lang='lat' dir='ltr'><strong>B,</strong></span> <span class='ocrx_word' id='word_1_369' title='bbox 835 4534 906 4598; x_wconf 79' lang='lat' dir='ltr'><strong>Gen,</strong></span> <span class='ocrx_word' id='word_1_370' title='bbox 931 4532 956 4584; x_wconf 86' lang='lat' dir='ltr'><em>L</em></span> <span class='ocrx_word' id='word_1_371' title='bbox 986 4534 1028 4599; x_wconf 78' lang='lat' dir='ltr'><strong>(in</strong></span> <span class='ocrx_word' id='word_1_372' title='bbox 1055 4549 1107 4601; x_wconf 81' lang='lat' dir='ltr'><strong>quo</strong></span> <span class='ocrx_word' id='word_1_373' title='bbox 1135 4533 1165 4585; x_wconf 84' lang='lat' dir='ltr'><strong>id</strong></span> <span class='ocrx_word' id='word_1_374' title='bbox 1190 4548 1276 4599; x_wconf 72' lang='lat' dir='ltr'><strong>cupro</strong></span> <span class='ocrx_word' id='word_1_375' title='bbox 1299 4535 1451 4601; x_wconf 21' lang='lat' dir='ltr'><strong>scripturn-l.</strong></span> 
     </span>
     <span class='ocr_line' id='line_1_41' title="bbox 200 4614 1452 4685; baseline -0.002 -18"><span class='ocrx_word' id='word_1_376' title='bbox 200 4637 240 4685; x_wconf 77' lang='lat' dir='ltr'><strong>pr.</strong></span> <span class='ocrx_word' id='word_1_377' title='bbox 268 4617 306 4671; x_wconf 87' lang='lat' dir='ltr'><strong>H.</strong></span> <span class='ocrx_word' id='word_1_378' title='bbox 333 4646 366 4656; x_wconf 91' lang='lat'>-</span> <span class='ocrx_word' id='word_1_379' title='bbox 391 4631 503 4669; x_wconf 88' lang='lat' dir='ltr'><strong>somnos</strong></span> <span class='ocrx_word' id='word_1_380' title='bbox 530 4615 590 4668; x_wconf 83' lang='lat' dir='ltr'><strong>cdd.</strong></span> <span class='ocrx_word' id='word_1_381' title='bbox 616 4645 647 4652; x_wconf 63' lang='lat'><strong>-›</strong></span> <span class='ocrx_word' id='word_1_382' title='bbox 672 4614 712 4666; x_wconf 86' lang='lat' dir='ltr'><strong>cel</strong></span> <span class='ocrx_word' id='word_1_383' title='bbox 740 4616 769 4666; x_wconf 91' lang='lat' dir='ltr'><strong>et</strong></span> <span class='ocrx_word' id='word_1_384' title='bbox 796 4615 851 4667; x_wconf 80' lang='lat' dir='ltr'><strong>eice</strong></span> <span class='ocrx_word' id='word_1_385' title='bbox 880 4614 951 4667; x_wconf 88' lang='lat' dir='ltr'><strong>idem</strong></span> <span class='ocrx_word' id='word_1_386' title='bbox 982 4614 1123 4667; x_wconf 80' lang='lat' dir='ltr'><strong>delendum</strong></span> <span class='ocrx_word' id='word_1_387' title='bbox 1150 4614 1257 4665; x_wconf 79' lang='lat' dir='ltr'><strong>videtur</strong></span> <span class='ocrx_word' id='word_1_388' title='bbox 1281 4615 1321 4666; x_wconf 82' lang='lat' dir='ltr'><strong>cel</strong></span> <span class='ocrx_word' id='word_1_389' title='bbox 1345 4614 1452 4682; x_wconf 74' lang='lat' dir='ltr'><strong>aliquid</strong></span> 
     </span>
     <span class='ocr_line' id='line_1_42' title="bbox 200 4693 1450 4763; baseline -0.006 -13"><span class='ocrx_word' id='word_1_390' title='bbox 200 4700 335 4752; x_wconf 71' lang='lat' dir='ltr'><strong>leoncium.</strong></span> <span class='ocrx_word' id='word_1_391' title='bbox 362 4727 394 4735; x_wconf 88' lang='lat'>-</span> <span class='ocrx_word' id='word_1_392' title='bbox 420 4695 456 4749; x_wconf 95' lang='lat' dir='ltr'><strong>ll</strong></span> <span class='ocrx_word' id='word_1_393' title='bbox 480 4710 536 4747; x_wconf 90' lang='lat' dir='ltr'><strong>non</strong></span> <span class='ocrx_word' id='word_1_394' title='bbox 558 4694 641 4747; x_wconf 89' lang='lat' dir='ltr'><strong>modo</strong></span> <span class='ocrx_word' id='word_1_395' title='bbox 665 4710 697 4746; x_wconf 74' lang='lat' dir='ltr'><strong>eu</strong></span> <span class='ocrx_word' id='word_1_396' title='bbox 722 4693 777 4747; x_wconf 74' lang='lat' dir='ltr'><strong>Cic.</strong></span> <span class='ocrx_word' id='word_1_397' title='bbox 803 4695 865 4747; x_wconf 73' lang='lat' dir='ltr'><strong>urlrl.</strong></span> <span class='ocrx_word' id='word_1_398' title='bbox 894 4694 1079 4763; x_wconf 78' lang='lat' dir='ltr'><strong>Quielierotus.</strong></span> <span class='ocrx_word' id='word_1_399' title='bbox 1103 4723 1137 4733; x_wconf 88' lang='lat'>-</span> <span class='ocrx_word' id='word_1_400' title='bbox 1162 4708 1256 4746; x_wconf 87' lang='lat' dir='ltr'><strong>omnes</strong></span> <span class='ocrx_word' id='word_1_401' title='bbox 1280 4693 1315 4746; x_wconf 83' lang='grc' dir='ltr'><strong>Α.</strong></span> <span class='ocrx_word' id='word_1_402' title='bbox 1337 4725 1365 4731; x_wconf 92' lang='grc'><strong>--</strong></span> <span class='ocrx_word' id='word_1_403' title='bbox 1389 4693 1450 4745; x_wconf 62' lang='lat' dir='ltr'><strong>ulis-</strong></span> 
     </span>
     <span class='ocr_line' id='line_1_43' title="bbox 201 4772 1227 4846; baseline -0.006 -15"><span class='ocrx_word' id='word_1_404' title='bbox 201 4779 312 4832; x_wconf 73' lang='lat' dir='ltr'><strong>tciserit</strong></span> <span class='ocrx_word' id='word_1_405' title='bbox 330 4776 418 4846; x_wconf 69' lang='lat' dir='ltr'><strong>Gen‚;</strong></span> <span class='ocrx_word' id='word_1_406' title='bbox 436 4775 494 4845; x_wconf 45' lang='grc' dir='ltr'><strong>ΗΝ·</strong></span> <span class='ocrx_word' id='word_1_407' title='bbox 512 4772 675 4829; x_wconf 82' lang='lat' dir='ltr'><strong>absterseris</strong></span> <span class='ocrx_word' id='word_1_408' title='bbox 696 4776 729 4828; x_wconf 42' lang='lat' dir='ltr'><strong>el.</strong></span> <span class='ocrx_word' id='word_1_409' title='bbox 750 4775 786 4840; x_wconf 85' lang='lat' dir='ltr'><strong>B,</strong></span> <span class='ocrx_word' id='word_1_410' title='bbox 806 4774 842 4839; x_wconf 57' lang='lat' dir='ltr'><strong>Is,</strong></span> <span class='ocrx_word' id='word_1_411' title='bbox 863 4776 914 4844; x_wconf 81' lang='lat'><strong>11„</strong></span> <span class='ocrx_word' id='word_1_412' title='bbox 936 4773 976 4838; x_wconf 82' lang='lat' dir='ltr'><strong>G;</strong></span> <span class='ocrx_word' id='word_1_413' title='bbox 996 4774 1127 4826; x_wconf 81' lang='lat' dir='ltr'><strong>abstersis</strong></span> <span class='ocrx_word' id='word_1_414' title='bbox 1147 4773 1227 4842; x_wconf 57' lang='lat' dir='ltr'><strong>Geul.</strong></span> 
     </span>
     <span class='ocr_line' id='line_1_44' title="bbox 253 4867 1238 4917; baseline -0.008 -1"><span class='ocrx_word' id='word_1_415' title='bbox 253 4872 318 4917; x_wconf 73' lang='lat' dir='ltr'><strong>Non</strong></span> <span class='ocrx_word' id='word_1_416' title='bbox 332 4877 412 4916; x_wconf 69' lang='lat' dir='ltr'><strong>Hinc.</strong></span> <span class='ocrx_word' id='word_1_417' title='bbox 426 4873 450 4915; x_wconf 83' lang='lat'><strong>0.</strong></span> <span class='ocrx_word' id='word_1_418' title='bbox 464 4874 492 4913; x_wconf 88' lang='lat' dir='ltr'><strong>D.</strong></span> <span class='ocrx_word' id='word_1_419' title='bbox 506 4873 540 4914; x_wconf 85' lang='lat' dir='ltr'><strong>ed.</strong></span> <span class='ocrx_word' id='word_1_420' title='bbox 555 4873 580 4913; x_wconf 70' lang='lat' dir='ltr'><strong>Is.</strong></span> <span class='ocrx_word' id='word_1_421' title='bbox 593 4873 721 4913; x_wconf 69' lang='lat' dir='ltr'><strong>Mutuus.</strong></span> <span class='ocrx_word' id='word_1_422' title='bbox 1205 4867 1238 4914; x_wconf 85' lang='grc'><strong>36</strong></span> 
     </span>
    </p>
   </div>
   <div class='ocr_carea' id='block_1_18' title="bbox 0 0 1606 5326">
    <p class='ocr_par' dir='ltr' id='par_1_18' title="bbox 0 0 1606 5326">
     <span class='ocr_line' id='line_1_45' title="bbox 0 0 1606 5326; baseline 0 0"><span class='ocrx_word' id='word_1_423' title='bbox 0 0 1606 5326; x_wconf 95' lang='lat' dir='ltr'><strong> </strong></span> 
     </span>
    </p>
   </div>
  </div>
 </body>
</html>
