3164 5326
316 338 405 405 QVID
424 339 449 393 A
468 338 631 395 snucvto
649 339 701 394 XV
720 339 977 396 Puorucuulrtr'
996 340 1139 396 GRAMN.
1159 358 1182 396 e.
1201 358 1228 411 q.
1248 359 1269 396 s.
1351 341 1416 406 283

163 526 360 589 quamquam
384 506 557 589 utrumque
576 505 698 589 partim
718 503 850 590 propria
868 504 971 588 culpa,
994 505 1114 589 partim
1134 507 1239 571 aliena
1257 528 1323 571 non
1342 529 1416 572 raro

163 634 184 676 a
217 633 294 675 vero
327 612 494 676 aberrasse
527 615 662 676 constat.
708 610 758 675 De
788 610 976 676 Hermanno
1009 611 1114 678 dicere
1147 636 1212 679 non
1246 617 1295 679 est
1325 636 1414 697 opus.

162 719 211 783 At
240 716 395 784 Bothium
426 718 522 785 hodie
555 741 575 782 a
606 718 769 805 plerisque
796 720 926 804 neglegi
954 740 1050 805 aegre
1077 720 1228 805 ferimus,
1261 743 1355 805 quem
1384 725 1418 785 et

162 826 282 892 iniuria
309 830 529 912 contemptum
559 824 782 892 aRitschelio
811 830 843 890 et
870 827 968 912 longe
996 829 1197 913 sagaciorem
1226 827 1418 893 feliciorem·

162 956 228 1018 que
252 932 427 998 Ribbeckio
455 934 489 998 in
518 933 642 999 mendis
670 932 879 998 librariorum
902 934 1056 998 tollendis
1079 957 1146 1001 non
1168 938 1305 1020 possunt
1328 933 1418 999 dubi·

160 1044 234 1107 tare
254 1042 318 1106 nisi
336 1039 489 1125 imperiti.
523 1039 637 1126 Neque
657 1040 832 1127 quidquam
846 1040 910 1106 nisi
925 1041 972 1106 rei
987 1043 1190 1125 tenuitatem,
1205 1064 1268 1127 qua
1286 1044 1417 1105 coactus

162 1152 215 1213 est
244 1148 346 1213 multa
374 1168 567 1232 componere
596 1148 811 1232 deproperata
839 1169 939 1232 opera
968 1147 1008 1213 ad
1035 1149 1138 1231 vitam
1163 1148 1418 1229 sustentandam,

165 1255 333 1321 obstitisse
355 1276 430 1336 reor
451 1254 514 1338 illi,
536 1276 576 1318 ne
600 1253 640 1319 ad
664 1276 790 1319 summa
813 1254 1008 1339 perveniret.

252 1361 342 1427 Talis
366 1384 437 1427 oum
461 1364 548 1426 esset
561 1383 678 1443 ,rerum
703 1364 817 1444 status,
840 1361 995 1427 laudabili
1019 1361 1191 1426 admodum
1210 1361 1347 1427 consilio
1367 1362 1417 1426 usi

162 1469 393 1534 Franciscus
413 1467 643 1533 Gerlachius
667 1472 700 1532 et
718 1466 882 1533 Carolus
902 1467 1083 1553 Rothius‚
1105 1469 1306 1553 professores
1328 1468 1418 1534 Basi-

164 1577 296 1660 lienses,
318 1574 419 1641 Nonii
442 1575 634 1641 adversariis
660 1598 687 1640 a.
710 1575 795 1640 1842
819 1575 915 1640 editis
938 1576 971 1641 id
995 1576 1200 1660 potissimum
1223 1580 1418 1662 spectarunt,

164 1689 205 1750 ut
237 1684 324 1748 infra
354 1688 478 1748 textum
512 1683 632 1750 additis
664 1682 833 1749 doctorum
862 1685 1053 1748 commentis
1081 1683 1226 1749 codicum
1255 1684 1310 1768 qui
1338 1683 1418 1768 ipsis
1474 1692 1477 1699 '

167 1791 354 1856 viderentur
385 1791 582 1875 optimorum
610 1791 788 1875 scripturae
817 1795 1145 1876 repraesentarentur.
1191 1789 1262 1865 Qua
1289 1789 1418 1874 quidem

166 1898 202 1964 in
225 1919 260 1962 re
284 1897 422 1962 multum
445 1897 491 1962 eis
515 1897 678 1982 obstabat,
700 1898 786 1980 quod
809 1920 912 1981 neque
931 1896 1156 1983 Lugdunensis
1180 1897 1254 1962 libri
1278 1897 1418 1981 pretium

166 2006 210 2071 ab
234 2004 281 2069 eis
305 2004 386 2070 satis
409 2007 539 2090 poterat
560 2004 769 2090 intellegi-
793 2027 868 2069 nam
892 2028 912 2070 a
934 2002 1107 2070 Gerlachio
1131 2005 1341 2091 neglegenter
1365 2003 1417 2068 ad-

166 2112 299 2177 modum
328 2115 379 2175 est
408 2111 546 2176 collatus
573 2149 609 2158 -
637 2117 670 2176 et
693 2110 862 2176 Harleiani
890 2112 1009 2178 notitia
1037 2113 1072 2177 in
1101 2113 1146 2177 eis
1172 2111 1224 2176 vix
1248 2115 1317 2175 erat
1341 2111 1419 2175 ulla.

167 2218 282 2304 Neque
300 2216 498 2282 Genevensis
523 2241 560 2283 ac
580 2218 793 2283 Bernensium
816 2217 1007 2284 testimonia
1031 2219 1110 2284 satis
1135 2224 1283 2283 accurate
1306 2218 1418 2283 relata.

166 2326 253 2391 lllud
283 2323 456 2410 singularis
484 2325 720 2409 perversitatis,
748 2325 834 2410 quod
859 2323 887 2389 B
915 2325 1026 2390 littera
1053 2330 1181 2409 praeter
1204 2324 1418 2390 Basiliensem

166 2435 286 2499 librum
310 2433 486 2517 pessimum
510 2432 608 2498 etiam
632 2435 722 2518 prior
745 2432 931 2516 Bernensis,
957 2433 1011 2518 qui
1035 2432 1167 2515 optimis
1192 2436 1242 2496 est
1265 2432 1418 2496 adnume-

166 2540 303 2625 randus,
330 2562 426 2625 saepe
454 2545 586 2605 notatur
615 2563 634 2603 a
662 2537 841 2605 Gerlachio.
888 2538 976 2614 Quae
1000 2560 1051 2603 res
1080 2539 1258 2604 Ribbeckio
1282 2539 1417 2622 aliisque

165 2647 231 2712 fuit
254 2647 368 2714 fraudi

258 2753 468 2820 Coniecturae
492 2752 655 2818 Gerlaahii
682 2774 785 2837 paene
813 2774 925 2818 omnes
951 2752 1113 2838 pessimae
1142 2751 1322 2837 dignaeque
1347 2773 1418 2815 auc-

165 2866 238 2929 tore
262 2882 330 2927 suo.
975 2867 979 2877 “

254 2968 326 3035 Hoc
350 2968 517 3053 aliquanto
537 2967 651 3031 melius
671 2989 721 3031 res
741 2970 833 3052 gesta
852 2991 871 3030 a
890 2966 1020 3050 Rothio,
1044 2967 1113 3032 viro
1134 2968 1231 3051 longe
1250 2970 1418 3050 praestan·

164 3078 260 3162 tiore,
284 3076 339 3141 sed
361 3075 425 3160 qui,
449 3079 486 3139 ut
504 3097 600 3159 saepe
619 3075 657 3139 fit
675 3076 707 3138 in
726 3075 804 3157 vita,
828 3074 981 3139 deteriori
1000 3079 1087 3138 esset
1105 3075 1264 3140 obnoxius
1283 3073 1418 3157 ideoque

164 3182 324 3270 pravitati
357 3183 425 3247 eius
457 3181 631 3246 immixtus.
655 3219 697 3228 -
726 3181 760 3246 Is
793 3187 826 3246 et
854 3180 1098 3247 Guelferbitano
1130 3182 1214 3246 libro
1245 3178 1355 3268 (quem
1387 3184 1420 3244 et

164 3293 238 3377 ipse
256 3290 340 3356 falso
360 3292 520 3374 optimum
539 3311 610 3354 esse
629 3297 719 3354 ratus
738 3287 982 3353 fundamentum
1004 3288 1200 3354 recensionis
1216 3287 1319 3353 voluit
1333 3283 1418 3373 esse)

164 3398 341 3483 diligenter
364 3419 441 3462 usus
465 3401 515 3461 est
539 3398 619 3462 satis
639 3419 697 3461 nec
718 3397 825 3460 minus
845 3397 925 3460 bene
945 3395 1080 3460 meritus
1100 3396 1137 3460 de
1156 3393 1263 3461 Nonio
1282 3395 1419 3478 prolatis

165 3527 232 3571 non
262 3506 308 3569 ita
332 3505 457 3587 multis,
485 3505 546 3579 sed,
563 3506 718 3569 maiorem
743 3508 868 3588 partem
892 3503 1034 3590 egregiis
1058 3504 1260 3568 coniecturis.
1286 3539 1325 3548 —
1352 3502 1418 3566 Me-

164 3611 270 3677 trioae
293 3616 403 3676 tamen
426 3613 550 3677 incuria
573 3612 765 3696 inscitiaque
787 3610 874 3676 haud
899 3612 1035 3676 multum
1060 3612 1144 3677 cedit
1167 3612 1265 3676 socio.

258 3718 309 3784 Ita
336 3724 443 3784 autem
472 3740 602 3802 operam
631 3719 717 3783 inter
745 3741 779 3783 se
804 3722 879 3783 sunt
902 3718 1029 3803 partiti,
1056 3721 1093 3782 ut
1117 3716 1287 3783 Gerlachio
1312 3716 1419 3800 capita

164 3827 180 3892 I
214 3831 247 3890 et
269 3823 316 3889 lV
349 3848 420 3891 cum
455 3827 655 3910 praelatione
688 3826 920 3891 conscribenda
953 3826 1115 3908 cederent,
1148 3824 1268 3890 Rotbio
1299 3825 1421 3890 relicua

165 3934 351 4021 pariterque
384 3933 571 3998 conficiendi
604 3933 740 4018 indices,
773 3934 806 3996 in
838 3956 902 4017 qua
935 3934 1032 3998 etiam
1060 3938 1151 4017 parte
1180 3954 1251 3996 cum
1280 3933 1420 3996 maxima

165 4045 221 4106 est
244 4044 390 4105 versatus
414 4062 499 4105 aura.

260 4147 389 4211 Altiora
407 4147 642 4211 Basiliensibns
663 4147 821 4232 appetivit
837 4146 1054 4211 [rudovicus
1075 4146 1346 4228 QuicheratuS,
1366 4146 1421 4228 qui

165 4253 313 4319 editione
342 4252 489 4319 Lutetiae
516 4253 716 4318 Parisiorum
746 4277 773 4319 a.
800 4255 885 4320 1872
919 4254 1038 4318 emissa
1070 4276 1134 4318 non
1164 4253 1309 4318 codicum
1339 4252 1421 4316 anti-

166 4360 398 4446 quissimorum
436 4365 469 4425 et
501 4364 697 4445 optimorum
730 4359 933 4444 testimonia,
970 4360 1024 4424 sed
1057 4360 1158 4445 ipsius
1190 4358 1289 4424 Nonii
1322 4359 1421 4424 verba

165 4468 340 4533 restituere
374 4473 509 4534 conatus
537 4471 596 4532 est.
622 4504 659 4513 —
687 4466 735 4531 De
763 4488 826 4551 quo
856 4488 916 4552 ego
945 4489 1041 4550 quam
1070 4471 1182 4550 potero
1212 4466 1420 4530 mitissimum

166 4576 297 4640 laturus
324 4597 396 4640 sum
424 4575 592 4657 iudicium,
620 4574 760 4657 primum
789 4578 826 4637 ut
849 4574 887 4638 de
911 4578 1053 4657 mortu0,
1081 4574 1136 4657 qui
1160 4573 1421 4638 contradicendi

169 4704 237 4747 non
270 4681 370 4746 habet
402 4682 603 4764 facultatem,
636 4681 747 4745 deinde
781 4685 916 4765 propter
949 4683 1054 4767 gentis
1088 4681 1156 4745 eius
1188 4682 1316 4763 merita,
1349 4702 1421 4743 cum

167 4790 278 4875 plures
314 4811 351 4852 ex
382 4788 486 4853 doctis
515 4788 684 4854 Gallorum
715 4794 866 4871 expertus
894 4789 956 4853 sim
984 4792 1018 4853 et
1045 4789 1165 4854 amieos
1196 4787 1423 4873 integerrimos
