3164 5326
373 336 421 390 DE
440 333 660 390 RATIONIBVS
679 332 864 387 EDITIONIS
883 332 1003 388 HVIVS.
1250 331 1314 395 323

56 500 147 566 docti
177 500 296 565 versati
324 498 448 563 sintin
471 497 579 564 Nonio
603 498 783 564 tractando.
830 494 993 573 Quorsum
1016 496 1102 561 enim
1130 495 1315 579 pertinebat

55 607 111 673 rel
131 628 277 672 errorum
297 607 455 671 monstris
475 606 629 671 similium
645 607 696 672 vel
710 605 1001 691 interpolationum
1018 608 1101 669 risus
1115 604 1314 668 moventium

55 715 266 780 multitudine
290 713 541 779 commentarios
565 719 697 780 nostros
721 712 839 778 obrui?

149 821 321 885 Praeterea
359 842 432 904 nos,
469 842 533 905 quo
566 820 749 905 promptius
783 819 869 884 docti
902 819 1073 904 archetypi
1105 817 1248 884 Noniani
1283 821 1316 880 et

55 928 291 1012 exemplarium
316 947 354 991 ex
378 949 415 991 eo
441 926 612 992 ductorum
636 925 876 993 vicissitudines
899 925 1114 990 informarent
1133 924 1255 1005 animo,
1281 925 1315 986 in

53 1036 163 1120 primo
193 1035 300 1118 capite
332 1034 460 1116 plenius
484 1034 588 1098 multo
614 1033 806 1118 uberiusque
831 1031 989 1097 derebus
1012 1032 1064 1095 vel
1087 1031 1315 1096 minutissimis

53 1143 244 1208 rettulimus
282 1162 380 1224 quam
416 1140 451 1205 in
489 1130 630 1206 seeundo
663 1163 699 1207 ae
732 1141 846 1224 tertio,
884 1139 1053 1224 magisque
1087 1139 1185 1203 etiam
1219 1138 1316 1203 ditto-

56 1249 272 1334 graphiarum
304 1247 401 1312 index
433 1251 619 1313 contractus
651 1247 724 1312 inde
757 1270 776 1311 a
804 1250 933 1331 quarto,
966 1245 1051 1330 quod
1079 1245 1143 1309 fuit
1171 1245 1314 1309 omnium

58 1357 302 1441 gravissimum.

147 1461 295 1546 Namque
328 1461 362 1524 in
395 1460 457 1525 hae
489 1462 535 1525 rei
570 1461 844 1526 administrandae
876 1464 968 1543 parte
1002 1459 1112 1524 eadem
1141 1459 1236 1542 plane
1265 1459 1315 1523 usi

58 1592 170 1636 sumus
196 1569 256 1652 via,
281 1590 378 1652 quam
401 1568 435 1631 in
460 1566 584 1632 Lucilio
607 1567 777 1652 Ennioque
800 1567 973 1632 tenuimus.

148 1676 262 1759 Itaque
295 1678 333 1739 ut
364 1695 491 1738 summa
519 1696 592 1739 cum
621 1696 698 1739 cura
727 1679 871 1752 cautum,
904 1674 1063 1739 bonorum
1092 1675 1249 1739 librorum
1279 1695 1316 1738 ex

57 1783 230 1867 scripturis
253 1780 373 1865 nequid
397 1781 514 1846 lateret
532 1780 654 1860 doctos,
678 1780 764 1865 quod
782 1781 863 1845 utile
884 1787 970 1846 esset
990 1783 1029 1847 ad
1049 1781 1192 1847 Nonium
1213 1804 1316 1847 emen-

57 1890 199 1955 dandum
223 1890 355 1971 eiusque
379 1887 587 1952 librariorum
611 1889 734 1972 placita
757 1888 934 1971 noscenda,
960 1890 1008 1954 ita
1031 1890 1197 1955 levissima
1221 1910 1317 1973 quae-

23 2000 31 2015 ’
57 2018 120 2081 que
144 1997 268 2060 omissa
291 2017 350 2060 nee
374 1996 647 2081 interpolatorum
672 2017 754 2060 saec.
774 1994 835 2060 XV
859 1995 1006 2060 codicum
1031 1996 1171 2061 ludibria
1195 2018 1314 2060 memo·

58 2109 132 2169 rata
164 2103 228 2167 nisi
260 2102 439 2185 rarissime,
475 2124 515 2166 ne
548 2106 724 2187 apparatus
757 2104 894 2167 nimium
926 2107 1117 2167 oneraretur
1149 2125 1229 2167 nave
1262 2109 1318 2166 aut

59 2211 153 2275 labor
181 2213 305 2291 noster,
334 2209 389 2292 qui
418 2209 470 2273 vel
498 2209 544 2274 sic
573 2209 636 2274 fuit
664 2210 838 2293 maximus,
866 2210 1038 2274 immodice
1062 2213 1236 2293 augeretur
1259 2231 1317 2293 per

57 2339 165 2402 nugas
189 2321 222 2381 et
246 2316 439 2400 quisquilias
464 2322 520 2380 aut
539 2318 638 2381 animi
659 2318 847 2403 legentium,
871 2317 947 2382 dum
967 2317 1198 2381 minutissimis
1218 2315 1315 2381 rebus

59 2427 259 2507 exercentur,
282 2422 514 2487 hebetarentur
538 2423 578 2487 ad
603 2446 754 2490 summas.

151 2530 255 2607 Quam
293 2529 335 2593 ob
371 2551 438 2593 rem
471 2531 660 2616 plerumque
694 2552 758 2595 non
792 2531 930 2596 relatum
964 2530 1002 2594 de
1035 2530 1199 2595 vocabulis
1232 2530 1317 2593 male

60 2639 237 2719 distinctis,
266 2659 329 2720 qua
352 2635 387 2699 in
410 2642 503 2719 parte
527 2637 716 2721 saepissime
739 2644 909 2721 peecatum
933 2660 953 2702 a
976 2637 1132 2721 librariis,
1157 2637 1194 2701 de
1218 2637 1317 2701 inter-

63 2745 294 2830 punctionibus
318 2764 486 2827 perperam
511 2743 578 2807 sive
602 2748 687 2809 recte
711 2743 871 2828 appositis
894 2742 947 2806 vix
971 2765 1132 2828 umquam.

151 2848 350 2934 Compendia
378 2849 556 2932 scripturae
585 2871 658 2913 cum
687 2850 721 2912 in
749 2851 882 2934 optimis
912 2850 1003 2915 libris
1034 2872 1093 2915 nec
1121 2851 1223 2916 multa
1252 2850 1318 2913 sint

62 2958 239 3041 eademque
272 2957 441 3034 facillima,
474 2960 510 3020 ut
537 2956 714 3041 plurimum
741 2980 806 3022 non
836 2962 964 3041 recepta
990 2957 1024 3021 iu
1053 2958 1319 3040 commentarios,

62 3071 97 3131 at
128 3067 161 3129 in
195 3066 268 3149 ipsa
300 3064 399 3128 verba
428 3061 526 3128 Nonii
560 3086 662 3148 pauca
695 3064 870 3149 quaedam,
903 3087 984 3149 quae
1013 3065 1226 3148 explicatione
1253 3086 1319 3128 non

62 3179 206 3256 egerent.

153 3278 182 3342 N
186 3302 239 3342 am
258 3301 330 3343 eum
345 3279 378 3342 in
393 3277 569 3360 exemplari
584 3278 842 3361 Quicheratiano,
861 3278 946 3362 quod
963 3278 1176 3362 typographis
1193 3277 1319 3359 tradidi,

63 3408 124 3471 pro
147 3386 230 3450 libro
250 3386 369 3450 soleret
387 3384 464 3468 poni
485 3383 582 3466 ‘lib.'‚
606 3384 637 3447 id
657 3385 734 3449 duxi
754 3384 957 3468 servandum,
979 3406 1172 3467 quamquam
1193 3385 1319 3449 variant

63 3493 280 3557 membranae.
327 3492 410 3556 Item
438 3513 498 3575 pro
526 3490 572 3554 eis
595 3512 677 3575 quae
702 3498 791 3555 sunt:
820 3491 984 3573 Gcoqrsica,
1007 3491 1134 3569 Aeaeis,
1157 3491 1320 3556 Historiae

64 3600 208 3665 admissa
230 3622 249 3663 a
273 3620 341 3682 cap.
361 3596 409 3662 IV
429 3596 628 3680 compendia,
651 3619 733 3681 quae
753 3595 962 3681 Lugdunensi
982 3598 1189 3681 potissimum
1209 3599 1318 3664 codiee

63 3711 394 3790 repraesentarentur.

156 3811 394 3877 Guelferbitani
427 3811 516 3894 libri,
549 3834 611 3895 quo
644 3815 681 3876 ut
714 3811 869 3875 librorum
903 3811 951 3876 ita
983 3817 1150 3877 auctorum
1186 3813 1318 3880 nomina

64 3921 196 4005 saepius
221 3917 413 3983 exhibentur
437 3918 635 4000 abbreviata,
658 3919 743 3982 ratio
766 3918 799 3981 in
822 3919 884 3983 hac
908 3926 1000 4002 parte
1024 3920 1076 3983 vix
1100 3919 1224 3984 habita.

155 4024 222 4091 Nec
246 4049 312 4090 non
335 4027 369 4089 in
393 4025 551 4090 librorum
574 4025 679 4088 titulis
702 4023 893 4103 referendis,
917 4047 956 4089 na
980 4026 1138 4090 lectorum
1162 4029 1321 4111 patientia

64 4135 320 4217 fatigaretur-
339 4132 438 4196 veluti
462 4132 544 4216 quis,
567 4131 630 4196 uisi
655 4133 723 4215 ipse
745 4131 844 4196 fuerit
863 4133 913 4196 vel
933 4131 1320 4200 Heautontimorumenos

65 4242 118 4305 vel
139 4241 216 4318 ὄνος
234 4240 344 4324 λύρας,
368 4261 470 4324 aequo
493 4238 575 4303 feret
594 4240 702 4303 animo
722 4240 844 4304 centies
864 4239 967 4323 repeti
986 4240 1019 4303 in
1038 4239 1069 4303 N
1072 4241 1137 4305 onii
1157 4242 1320 4307 codicibus
1389 4270 1392 4274 “

67 4349 213 4413 exhiberi
232 4348 605 4412 Heautontimorumenos
629 4369 687 4430 pro
713 4346 856 4410 ablativo
881 4353 913 4410 et
932 4369 991 4430 pro
1011 4348 1088 4423 ὄνος
1107 4347 1209 4431 λύρας
1227 4347 1321 4413 leones

67 4456 155 4539 tyras
178 4476 234 4520 seu
258 4454 400 4519 similia?
420 4491 461 4500 —
482 4454 519 4517 de
543 4453 670 4537 pusillis
695 4452 887 4536 quibusdam
911 4453 1019 4537 eisque
1042 4456 1196 4519 continuo
1216 4478 1320 4520 recur-

67 4562 213 4627 rentibus
246 4562 411 4626 erroribus
443 4565 519 4645 post
549 4583 616 4644 cap.
644 4559 660 4622 Ι
688 4560 738 4623 vel
767 4557 815 4621 ΙΙΙ
843 4581 906 4622 non
936 4562 1001 4623 fere
1030 4562 1168 4626 relatum
1196 4563 1260 4626 nisi
1287 4563 1321 4627 in

68 4669 178 4734 Indice
203 4673 381 4734 auctorum.

158 4778 249 4854 Quod
273 4777 306 4839 in
331 4781 499 4841 auctorum
522 4775 710 4839 nominibus
733 4772 902 4855 titulisque
927 4773 1084 4838 librorum
1104 4778 1320 4841 memorandis

1054 4879 1108 4930 ur*
