3098 5316
254 275 317 330 vul
772 274 986 331 PRAEFATIO.

344 436 420 502 Loci
448 438 643 523 scriptorum
667 438 717 503 bia
742 440 791 503 vel
815 439 942 524 saepius
965 440 1057 505 allati
1081 464 1101 505 a
1124 439 1232 505 Nonio
1256 444 1332 524 post
1355 462 1423 524 cap.
1448 439 1502 504 de·

258 566 345 609 mum
365 542 396 608 ΙΙ
420 544 475 628 ita,
500 546 552 609 vix
577 546 752 630 quidquam
775 549 812 611 ut
835 546 928 629 desit,
951 547 1083 612 indicati
1104 547 1137 612 iu
1156 547 1414 613 Commentariis.
1452 545 1505 610 Ex

255 651 385 717 relicuie
408 651 538 736 quidam
562 653 701 737 etppleti
725 653 759 717 in
782 653 978 738 Appendioe.

348 757 513 825 Indioibua
554 759 689 825 alteriue
730 760 905 825 voluminis
944 760 1042 825 etiam
1082 760 1262 827 editionum
1302 764 1503 825 oommenta-

255 866 454 952 riorumque,
491 867 608 951 quibua
645 867 679 932 in
711 889 806 951 opere
840 867 1025 933 adornando
1058 868 1263 954 potissimum
1297 868 1345 933 usi
1379 890 1505 944 sumus,

255 973 362 1039 brevis
387 972 581 1057 adiungetur
604 972 733 1038 mentio.
819 1037 821 1040 Α

345 1079 489 1164 Denique
518 1101 685 1166 rogamus,
717 1084 754 1145 ut
781 1079 977 1165 Appendiois
1006 1082 1039 1146 in
1066 1083 1129 1146 tine
1154 1081 1248 1146 huius
1273 1081 1349 1146 libri
1373 1081 1505 1166 positae

255 1209 332 1254 eura
355 1187 521 1254 habeatur.

343 1293 437 1359 Nunc
457 1316 533 1359 vero
552 1299 588 1359 tu
607 1295 671 1359 iam
692 1296 778 1359 omni
797 1295 897 1360 missa
917 1317 1007 1360 mora
1024 1295 1127 1378 ipsam
1143 1295 1213 1380 lege
1228 1294 1505 1379 Compendioeam

257 1401 446 1468 Doctrinam
476 1398 583 1466 Nonii.
630 1398 730 1477 Quem
764 1403 824 1467 etei
858 1423 896 1466 ex
925 1401 1043 1467 stolido
1072 1403 1202 1468 reddere
1231 1403 1407 1487 eapientem
1437 1422 1506 1465 non

260 1508 354 1574 nobie
377 1510 482 1594 magia
507 1509 646 1592 contigit
673 1529 768 1592 quam
793 1514 850 1573 aut
873 1508 957 1573 Aldo
981 1507 1113 1574 quiove
1137 1513 1193 1574 aut
1216 1508 1368 1592 Meroero,
1391 1514 1506 1574 tamen

257 1616 304 1680 ita
334 1615 477 1681 invenies
506 1620 676 1698 mutatum,
700 1619 736 1680 ut
760 1614 811 1680 vix
837 1613 978 1681 Nonium
1003 1637 1161 1701 agnoscas
1186 1616 1218 1680 iu
1243 1614 1359 1681 Nouio.

479 1792 604 1858 Dabam
628 1792 809 1876 Petropoli,

344 1917 415 1985 Kal.
442 1918 515 1984 Deo.
539 1917 577 1983 Α.
602 1917 942 1983 Mouuuuxxxvu.
