3164 5326
280 338 328 393 DE
345 335 534 393 ccnlclssvs
553 337 592 391 ΙΝ
610 336 684 392 Hac
703 337 879 393 EDITIONE
899 337 1089 393 ADHlBl'l'lS.
1251 336 1315 402 297

159 502 304 567 Rasurae
337 506 374 566 ut
406 502 484 567 alibi
518 501 597 566 satis
630 506 707 566 sunt
733 501 932 586 frequentes,
963 502 1011 567 ita
1039 508 1073 565 et
1100 507 1175 567 ante
1205 502 1318 567 titulos

66 631 201 694 graecos
229 613 412 673 saturarum
440 607 599 674 Varronis
627 608 727 673 ferme
755 606 917 674 habentur
945 614 978 674 ct
1004 614 1088 694 post.
1133 610 1173 674 In
1200 610 1317 695 quibus

65 722 177 781 tamen
200 717 335 781 minime
359 715 524 782 recondita
547 716 657 800 aliqua
677 715 760 780 latet
783 715 953 799 sapientia,
977 717 1033 781 aed
1051 716 1172 782 indicia
1190 717 1319 782 sublata

66 824 271 908 sequentium
294 823 619 908 praecedentiumque
642 823 825 903 litterarum
849 844 1050 908 graecarum.

157 930 263 996 Multa
286 934 411 995 mutata
434 931 469 994 in
490 930 516 995 L
540 953 581 994 m.
603 930 717 1014 prima,
742 951 824 1014 quae
848 951 943 1014 saepe
968 935 1024 995 aut
1047 932 1100 995 vix
1124 936 1180 996 aut
1202 954 1317 1017 parum
1417 968 1421 974 ψ

66 1037 225 1123 distingui
257 1058 354 1120 posse
386 1037 427 1100 ab
461 1037 564 1101 altera
596 1036 738 1100 eiusdem
771 1035 838 1100 fere
871 1037 1001 1118 aetatis,
1034 1059 1116 1122 quae
1146 1038 1318 1124 pallidiore

65 1145 173 1210 utitur
196 1147 387 1226 atramento,
410 1147 573 1209 testantur
596 1143 823 1208 adnotationes
848 1142 1110 1229 Zangemeisteri.

158 1252 208 1316 Ab
237 1255 373 1336 utraque
401 1251 499 1316 codex
527 1254 690 1316 correctus
718 1250 792 1315 inde
821 1250 862 1314 ab
891 1251 985 1316 initio
1015 1274 1115 1337 usque
1143 1252 1184 1317 ad
1212 1256 1317 1319 finem.

65 1359 112 1424 Et
144 1361 284 1444 primurn
317 1359 446 1443 quidem
479 1357 733 1443 orthographiae
764 1358 929 1442 antiquius
958 1378 1060 1443 genus
1089 1359 1129 1423 ad
1158 1360 1317 1424 recentius

65 1466 262 1530 traductum.
303 1464 414 1531 Veluti
437 1469 565 1530 tantum
588 1487 656 1529 non
680 1486 808 1547 semper
830 1464 1086 1549 praepositiones
1109 1466 1318 1548 assimilatae,

67 1595 142 1638 cum
165 1574 255 1657 prius
279 1574 360 1639 locis
384 1574 480 1658 longe
505 1572 652 1657 pluribus
676 1575 863 1637 constarent
883 1571 1038 1657 integrae.
1080 1573 1164 1638 Item
1183 1595 1241 1658 pro
1261 1575 1318 1638 illo

66 1678 273 1766 ‘Vergilias'
293 1681 504 1745 substitutum
529 1680 716 1763 plerumque
739 1676 941 1764 ‘Virgilius’.

158 1785 328 1851 Praeterea
352 1787 451 1850 etiam
474 1808 587 1851 sensus
611 1784 750 1848 multum
774 1785 939 1850 immutati
963 1786 1029 1851 sire
1053 1786 1087 1850 in
1111 1786 1226 1851 melius
1251 1789 1318 1853 sire

65 1898 194 1978 contra,
226 1892 283 1957 sed
315 1893 362 1956 ita
393 1897 430 1956 ut
462 1914 536 1956 raro
569 1891 620 1956 his
654 1890 804 1956 manibus
831 1891 984 1957 reddatur
1011 1895 1130 1959 rectius
1158 1894 1318 1977 scriptura

68 2000 239 2083 archetypi
262 1996 415 2064 Noniani.
438 2035 482 2046 -
505 1998 554 2062 De
579 2021 642 2083 qua
665 2020 700 2062 re
723 1999 788 2062 iam
811 2020 879 2081 cap.
903 1997 952 2062 ΠΙ
978 2000 1145 2064 monitum.

157 2104 226 2172 Iam
256 2128 329 2171 cum
357 2105 481 2190 primae
509 2128 546 2170 ac
574 2105 731 2170 secundae
760 2127 874 2170 manus
902 2109 1103 2172 correcturae
1131 2106 1164 2170 in
1191 2106 1318 2191 Lugdu·

66 2215 162 2280 nensi
185 2214 307 2298 pariter
330 2218 426 2298 atque
446 2213 623 2278 Harleiano
646 2212 752 2278 indole
776 2233 813 2277 ac
836 2216 954 2277 natura
975 2213 1114 2278 interae
1134 2215 1318 2278 sintsimil·

67 2324 175 2406 limae,
198 2321 305 2406 possis
325 2321 484 2405 suspicari
504 2320 669 2404 utriusque
689 2319 807 2384 codicis
827 2320 969 2385 librariis
990 2329 1117 2403 praeter
1135 2321 1214 2385 illud
1234 2322 1317 2406 quod

67 2429 288 2494 describerent
306 2429 443 2493 alterum
459 2427 602 2492 adfuisse
617 2427 791 2511 exemplar,
810 2428 896 2512 quod
913 2429 1005 2492 finita
1020 2451 1127 2512 opera,
1142 2450 1214 2492 cum
1229 2429 1319 2513 prius

65 2536 131 2621 ipsi
146 2535 322 2600 identidem
338 2535 571 2617 adhibuissent,
591 2535 795 2599 constantius
810 2534 924 2599 deinde
939 2536 1186 2620 accuratiusque
1201 2538 1318 2600 retrac-

67 2649 195 2709 taretur
218 2666 238 2707 a
260 2642 417 2707 secundae
442 2665 555 2706 manus
579 2643 776 2708 auctoribus.

158 2750 330 2816 Praeterea
357 2750 456 2815 tertia
483 2772 581 2814 manu
604 2771 698 2829 saec,
723 2753 759 2814 ut
783 2750 859 2829 vid,
882 2749 926 2833 X,
950 2772 1031 2833 quae
1055 2754 1236 2816 atramento
1260 2773 1319 2815 usa

67 2864 119 2924 est
142 2881 246 2943 paene
269 2858 363 2942 nigro
387 2854 517 2943 (manus
541 2857 681 2922 secunda
705 2858 809 2941 magis
830 2857 966 2942 pallido)
985 2862 1074 2922 totus
1094 2857 1319 2941 interpunctus

68 2966 153 3031 liber
186 2970 219 3030 et
251 2966 436 3048 distinctuS,
469 2968 506 3029 ut
540 2964 638 3027 verba
670 2964 789 3028 rectius
823 2964 1081 3048 dispescerentur
1114 2968 1213 3049 utque
1244 2970 1319 3047 post

67 3074 183 3139 titulos
217 3074 411 3156 scriptorum
444 3072 617 3137 citatorum
652 3071 702 3134 vel
735 3072 910 3135 semicolon
939 3077 1125 3156 poneretur,
1158 3071 1316 3135 interdum

67 3180 190 3245 omisso
218 3185 351 3264 puncto,
378 3179 428 3243 rel
456 3184 611 3262 punctum
640 3200 738 3261 supra
762 3179 941 3243 adderetur.
989 3179 1040 3243 Ab
1065 3179 1176 3243 eedem
1200 3183 1232 3242 et
1256 3180 1318 3262 syl-

66 3288 161 3352 labae
186 3287 369 3369 distinctae,
398 3285 433 3349 in
456 3286 617 3369 principio
641 3285 780 3350 maxime
804 3287 911 3368 operis
936 3287 1020 3351 etsi
1045 3286 1124 3350 duae
1150 3308 1319 3370 sequeren-

65 3399 120 3459 tur
144 3415 314 3458 consonae.

158 3499 318 3585 Syllabae,
342 3505 378 3565 ut
396 3501 480 3564 solet
498 3500 577 3582 lieri,
601 3503 720 3583 puncto
741 3499 934 3583 interposito
955 3506 1106 3582 secretae,
1129 3500 1318 3564 coniunctae

68 3609 191 3672 lineola
214 3608 348 3672 incurva
370 3606 458 3670 infra
482 3607 616 3671 adiecta.

159 3713 303 3778 Litterae
327 3714 478 3778 delendae
503 3714 691 3797 plerumque
711 3718 829 3797 puncto
849 3714 934 3777 infra
954 3714 1124 3798 collocato,
1147 3714 1319 3798 aliquando

66 3826 100 3886 et
133 3844 233 3905 supra
266 3821 374 3885 addito
408 3820 625 3904 declarantur,
661 3820 824 3885 addendae
855 3822 1050 3903 interposito
1084 3826 1204 3904 puncto
1237 3821 1321 3884 iuter

68 3931 196 3994 litteras
221 3928 300 3992 duas
325 3933 358 3992 et
381 3950 477 4013 supra
501 3929 622 4014 scripto
648 3929 872 4013 supplemento
897 3950 968 3992 cum
993 3932 1121 4011 puncto.

156 4035 215 4099 Bis
235 4037 285 4099 vel
305 4039 355 4100 ter
375 4041 577 4101 correcturae
597 4036 779 4121 adscriptae
799 4059 818 4100 a
835 4035 970 4101 librario
990 4058 1072 4099 saec.
1087 4035 1165 4099 XIV
1185 4037 1235 4099 vel
1251 4035 1320 4100 XV.

157 4141 265 4207 Semel
289 4141 446 4229 Scaligeri
470 4144 654 4207 coniectura
678 4143 842 4227 adnotata,
866 4143 1023 4209 incertum
1048 4165 1089 4206 an
1113 4144 1154 4207 ab
1179 4144 1259 4225 ipsc.

159 4249 292 4314 Scholia
315 4248 427 4314 addita
449 4250 482 4314 in
507 4251 653 4333 margine
676 4251 726 4314 vel
746 4250 901 4315 lemmata
919 4253 1059 4334 repetita
1077 4273 1180 4335 neque
1200 4231 1319 4333 Zau‘ge·

71 4359 239 4422 meisterus
263 4362 422 4421 memorat
445 4361 478 4421 et
502 4358 616 4421 abesse
639 4361 779 4421 testatur
803 4356 833 4422 S.
858 4359 1042 4422 Vriesius.

157 4462 229 4529 Hoc
256 4464 359 4549 igitur
386 4465 495 4529 codice
523 4465 570 4528 ita
598 4487 670 4528 sum
698 4487 788 4547 usus,
816 4471 853 4529 ut
879 4467 913 4529 in
943 4465 1180 4548 orthographia
1202 4467 1318 4529 consti-

67 4572 187 4637 tuenda
223 4572 330 4656 primo
368 4571 592 4636 observaretur
624 4572 710 4652 loco,
748 4572 780 4634 iu
814 4573 927 4636 ceteris
962 4595 1156 4656 quamquam
1189 4572 1320 4654 propria

68 4679 153 4744 bona
178 4680 287 4741 essent
312 4679 414 4742 multa
437 4679 595 4743 secundus
619 4678 794 4742 haberetur
818 4678 1004 4744 Harleiano.

159 4783 238 4849 Fuit
262 4806 333 4849 cum
358 4786 496 4869 suspicio
521 4790 665 4850 oreretur
690 4807 753 4849 non
779 4809 816 4849 ex
836 4785 1012 4870 archetypo
1032 4792 1242 4869 assumptam,
1266 4786 1319 4849 sed
