3098 5316
478 327 529 386 DEI
545 327 771 384 RATIONIBVS
790 325 975 383 EDITIONIS
993 325 1114 384 flvlvs
1358 324 1424 390 329

258 494 300 560 In
332 517 397 580 qua
428 497 522 580 parte
553 493 712 578 siquando
745 515 765 558 a
794 494 888 559 nobis
917 495 1099 577 peceatum,
1133 491 1277 578 cogitent
1305 512 1425 576 quaeso

164 600 325 687 lectores,
351 624 412 667 nos
442 605 528 667 certe
557 601 696 665 multum
725 601 838 666 abesse
867 602 908 665 ab
932 622 971 664 ea
993 599 1201 686 neglegentia
1225 622 1262 665 ac
1284 600 1426 682 levitate,

164 730 234 794 qua
258 710 291 775 in
316 730 413 793 opere
436 709 605 795 aliquanto
630 709 755 774 minore
780 731 817 773 ac
838 707 982 773 faciliore
1001 705 1147 791 plerique
1166 705 1425 789 fragmentorum

162 836 206 881 ex
229 817 341 883 Nouio
364 816 540 900 petitorum
564 816 703 881 editores
727 815 904 881 novissimo
928 819 1074 899 tempore
1098 817 1174 878 sunt
1197 812 1260 892 usi,
1287 815 1425 878 maxime

162 922 368 991 Ribbeekius
382 922 584 1008 Riesiusque,
603 923 787 1009 pariterque
806 922 1010 988 considerent
1028 920 1113 986 idem
1132 942 1235 1006 neque
1254 942 1291 985 ex
1307 942 1425 1005 magno

162 1030 284 1098 critico
304 1030 374 1096 fieri
393 1053 530 1116 parvum
549 1053 652 1117 neque
672 1053 710 1095 ex
729 1052 830 1115 parvo
849 1051 1003 1115 magnum
1023 1029 1149 1113 aliquot
1168 1029 1424 1094 coniectura-rum

162 1136 309 1204 decuriis
332 1159 500 1223 perperam
526 1138 594 1203 sive
618 1138 736 1203 additis
761 1136 828 1201 sive
852 1136 1002 1219 demptis.

258 1245 533 1311 Emendationum
557 1245 813 1311 certissimarum
837 1243 1136 1328 levissimarumque
1156 1247 1334 1330 auctorum,
1359 1246 1426 1311 sive

162 1374 229 1419 noa
254 1374 398 1418 essemus
422 1353 490 1417 sive
514 1352 584 1437 alii,
608 1352 769 1417 interdum
794 1352 916 1416 omissa
939 1351 1080 1416 nomina
1104 1387 1146 1397 -
1171 1350 1316 1436 Denique
1341 1354 1425 1437 quod
1466 1437 1467 1441 Ἰ

164 1458 345 1544 aliquando
374 1460 616 1525 commendatae
645 1459 848 1526 coniecturae
876 1459 1044 1524 inventore
1069 1480 1136 1523 non
1165 1465 1356 1546 memorato,
1384 1484 1425 1525 ne

165 1566 283 1632 eadem
304 1589 368 1652 qua
380 1566 580 1632 Ribbeckius
600 1568 682 1651 lapsi
702 1589 772 1631 esse
791 1567 1015 1632 existimemur
1033 1566 1178 1631 vanitate
1197 1564 1285 1654 (nam
1307 1569 1334 1633 ia
1355 1569 1426 1633 sub·

164 1675 278 1740 tracto
311 1675 452 1740 Inventis
484 1675 620 1759 nostris,
653 1675 768 1756 quibus
801 1678 962 1757 uteretur,
995 1673 1125 1737 nomine
1158 1675 1250 1758 quasi
1285 1697 1323 1740 ex
1352 1676 1427 1741 albo

167 1783 337 1847 senatorio
361 1783 412 1847 vel
436 1781 516 1847 adeo
540 1804 579 1848 ex
602 1780 730 1869 generis
753 1781 888 1847 humani
911 1781 1068 1846 memoria
1086 1780 1217 1846 eradere
1241 1803 1311 1846 sese
1331 1804 1427 1866 posse

165 1908 230 1955 nos
255 1886 421 1976 speravit),
445 1891 492 1955 ita
514 1890 635 1955 habeas
659 1891 765 1975 velim,
789 1891 946 1955 maiorem
966 1890 1062 1974 longe
1081 1891 1208 1972 partem
1226 1890 1292 1954 illis
1312 1895 1427 1955 nostra

166 1997 329 2062 contineri
365 2001 562 2082 commenta,
599 1997 715 2062 ceteris
753 2001 790 2061 ut
820 1997 1000 2080 plurimum
1031 1995 1201 2061 hominum
1235 1998 1423 2062 obscurissi-

167 2124 299 2169 morum
317 2102 703 2189 ignobilissimorumque,
722 2126 858 2188 quorum
878 2104 1036 2168 voeabula
1054 2125 1151 2168 nosse
1170 2126 1230 2169 nec
1244 2104 1422 2170 utilitatem

167 2209 271 2276 ullam
296 2231 355 2276 neo
376 2210 611 2295 iucunditatem
634 2211 760 2277 adferre
783 2211 1110 2295 possetlegentibus.

258 2316 433 2383 Praeterea
460 2340 533 2383 cum
562 2318 688 2403 ingenti
717 2323 750 2382 et
775 2323 889 2384 nostro
918 2319 1088 2385 commodo
1111 2323 1144 2386 et
1166 2324 1347 2386 ceterorum
1371 2322 1425 2386 vix

140 2434 329 2512 'umquam
360 2429 509 2490 notatum
543 2448 562 2490 a
593 2425 704 2510 nobis,
737 2426 893 2491 lectiones
925 2432 1071 2512 receptas
1102 2428 1154 2492 vel
1183 2428 1425 2493 commendatas

169 2533 302 2619 quinam
326 2537 402 2619 post
424 2533 566 2617 primurn
590 2537 753 2599 auctorem
777 2535 843 2599 sint
866 2535 1016 2619 amplexi.
1056 2533 1127 2610 Qua
1149 2535 1185 2600 in
1207 2557 1242 2600 re
1266 2536 1423 2600 maiorum

171 2640 398 2727 minorumque
417 2641 564 2728 gentium
584 2641 752 2707 doctorum
771 2642 906 2706 nomina
925 2641 1106 2725 promiscue
1126 2642 1335 2708 memorando
1355 2643 1425 2727 plu-

170 2748 289 2815 rimum
313 2749 445 2814 chartae
470 2749 677 2833 perdiderant
699 2747 890 2814 Gerlaehius
914 2770 987 2814 cum
1006 2747 1127 2814 Rotlrio
1151 2754 1185 2815 et
1204 2750 1425 2827 Quicheratus.

257 2853 548 2922 Commentario
571 2855 642 2920 tali
663 2854 947 2941 subiungendo‚
966 2877 1038 2939 quo
1058 2860 1336 2922 enarrarentur
1354 2880 1425 2922 om·

165 2963 244 3048 nia,
278 2985 376 3048 qnae
408 2962 507 3048 apud
539 2961 704 3028 Nonium
739 2968 829 3027 sunt
863 2962 1045 3027 memoria
1078 2963 1209 3048 digna,
1241 2985 1323 3028 oum
1354 2987 1425 3029 nec

163 3071 291 3136 otium
328 3072 556 3157 suppeteret
591 3069 703 3133 nobis
735 3090 803 3133 nee
836 3070 1031 3153 voluntas,
1068 3069 1113 3134 ad
1145 3069 1423 3134 illustrandum

160 3177 249 3243 eius
278 3178 422 3244 librum
450 3199 571 3261 pauca
600 3175 732 3240 addIta
754 3179 793 3240 et
815 3199 858 3241 ea
880 3176 1106 3261 plerumque
1129 3177 1326 3262 breviora,
1349 3199 1424 3242 non

156 3287 313 3369 tamen,
339 3288 381 3350 ut
407 3305 534 3370 spero,
561 3283 720 3348 inutilia
748 3284 915 3368 cognitu.
961 3283 1005 3348 Et
1032 3283 1172 3348 maxime
1202 3285 1330 3368 quidem
1355 3306 1426 3369 per-

154 3396 302 3459 secutns
325 3414 396 3458 sum
417 3391 486 3476 illa,
508 3412 590 3475 quae
614 3396 670 3455 aut
692 3389 877 3458 difficiliora
901 3391 1085 3457 viderentur
1108 3392 1148 3456 ad
1172 3392 1424 3479 intellegendum

153 3504 224 3565 aut
248 3499 309 3565 ubi
331 3520 416 3564 nova
438 3501 573 3582 possent
595 3498 709 3580 promi.
1052 3577 1057 3587 ,

259 3605 309 3670 Vt
331 3605 372 3670 ad
395 3605 639 3688 emendandum,
662 3606 708 3670 ita
728 3607 767 3671 ad
786 3606 1007 3689 explicandum
1028 3604 1130 3671 Nonii
1149 3628 1230 3689 opus
1249 3607 1424 3690 plurimum

149 3714 309 3780 attulere
338 3711 457 3777 saeculi
486 3710 564 3776 XVI
589 3715 622 3776 et
644 3711 737 3777 XVII
766 3712 909 3799 ingenia,
937 3717 970 3776 et
998 3713 1127 3798 quidem
1152 3711 1296 3798 Scaliger
1322 3715 1426 3799 potis-

150 3822 290 3887 simum
314 3841 352 3885 ac
374 3818 542 3884 Turnebus
567 3824 601 3884 et
624 3820 794 3886 Mercerus.

255 3926 431 3993 Ribbeckii
458 3927 579 3993 librum
610 3929 648 3993 de
675 3927 808 4013 tragicis
836 3926 947 3992 latinis
980 3926 1131 4013 Patrique
1160 3950 1197 3994 ao
1224 3926 1357 3995 Iordaui
1386 3930 1426 3995 de

148 4034 337 4103 historicis
364 4034 474 4099 latinis
503 4037 537 4099 et
564 4037 604 4101 de
627 4033 750 4100 Catone
779 4039 963 4100 commenta
989 4035 1054 4099 iam
1083 4057 1151 4120 cap.
1174 4034 1223 4101 IV
1247 4037 1427 4123 attigimus.

151 4142 217 4209 Ad
239 4140 402 4207 Varronis
425 4146 552 4208 saturas
576 4140 791 4226 expediendas
814 4146 891 4227 post
909 4140 1066 4227 Scaligeri
1090 4146 1123 4206 et
1142 4143 1286 4208 Turnebi
1305 4145 1426 4229 scripta

151 4250 339 4336 aliquanto
360 4249 434 4332 plus
457 4250 554 4315 nobis
575 4248 724 4335 profuere
745 4249 876 4314 Oehleri
896 4272 999 4332 curae,
1025 4271 1122 4333 quam
1142 4248 1294 4336 Vahleni,
1312 4251 1425 4338 Itiesii‚

151 4354 351 4438 Ribbeekii,
372 4353 573 4441 Buecheleri‚
597 4357 805 4441 quantumvis
829 4357 872 4436 hi,
896 4357 1039 4421 vanitate
1063 4357 1160 4441 ducti,
1183 4359 1364 4441 superiores
1390 4383 1424 4424 se

150 4463 394 4530 existimarent
419 4462 487 4528 illo.
532 4462 643 4548 Atque
670 4463 733 4529 hoc
759 4465 830 4528 loco
860 4464 958 4528 etiam
982 4465 1210 4529 memorandus
1234 4463 1424 4532 Iohannis

150 4568 459 4638 Pomialovslrii
485 4569 569 4635 liber
591 4571 841 4656 diligentissime
864 4573 1005 4655 scriptus
1029 4571 1069 4636 de
1093 4570 1217 4638 Saturis
1241 4572 1425 4660 Menippeis

150 4675 342 4760 Varronis3
364 4675 421 4761 qui
444 4677 582 4763 quidem,
606 4678 683 4763 quia
701 4677 837 4743 Russico
862 4684 991 4744 constat
1015 4702 1171 4764 sermone,
1196 4703 1310 4764 parum
1335 4683 1419 4766 apud

151 4783 384 4853 occidentales
406 4784 557 4851 innotuit.
602 4786 728 4852 Prodiit
750 4786 915 4872 Petropoli
940 4810 969 4855 a.
994 4789 1090 4855 1869.
